2954 5022
175 309 238 368 566
544 301 586 378 Q.
610 294 818 365 HORATll
840 293 1011 360 FLACCI

306 471 461 558 Impetrat
474 483 506 537 et
519 490 640 558 pacem,
656 481 688 535 et
701 469 888 554 locupletem
903 464 1046 552 frugibus
1061 483 1200 527 annum:

306 585 458 650 Carmine
471 583 517 650 Dr
530 583 637 668 superi
650 581 825 667 placantur,
841 577 980 643 carmine
996 574 1121 673 Manes.

305 693 466 781 Agricolae
478 693 584 779 prisci,
600 695 706 770 fortes,
721 711 883 777 parvoque
897 687 990 764 beati,

202 815 263 870 140
308 803 445 869 Condita
459 816 532 888 post
546 803 711 882 frumenta,
727 802 866 867 levantes
881 815 1023 884 tempore
1037 797 1117 862 festo

305 913 430 999 Corpus
442 927 475 977 et
488 915 590 997 ipsum
607 913 745 978 animum
761 933 816 998 spe
831 913 903 975 finis
918 911 997 974 dura
1011 909 1178 982 ferentem,

305 1025 389 1089 Cum
404 1023 495 1087 sociis
510 1047 652 1108 operum,
667 1025 784 1109 pueris,
800 1033 832 1088 et
846 1023 979 1108 conjuge
993 1011 1068 1096 fidi,

304 1132 465 1198 Tellurem
481 1155 589 1218 poree,
604 1134 765 1200 Silvanum
779 1133 859 1198 lacta
873 1133 1011 1218 piabant,

305 1243 450 1308 Floribus¹
465 1241 497 1308 et
511 1245 583 1308 vino
600 1244 750 1322 Genium,
766 1263 937 1308 memorem
952 1240 1056 1304 brevis
1071 1239 1141 1304 aevi.

201 1362 261 1421 145
306 1353 502 1418 Fescennina
515 1375 572 1438 per
587 1353 671 1417 huno
685 1355 811 1418 inventa
825 1353 951 1418 licentia
961 1371 1082 1415 morem

305 1462 457 1526 Versibus
473 1463 599 1527 alternis
614 1463 784 1548 opprobria
799 1464 915 1527 rustica
928 1462 1028 1536 fudit3

305 1572 512 1659 Libertasque
526 1586 722 1638 recurrentes
736 1587 864 1659 accepta
877 1595 936 1658 per
950 1593 1050 1637 annos

308 1683 401 1747 Lusit
414 1683 598 1762 amabiliter,
609 1683 710 1748 donec
719 1686 786 1769 jam
801 1705 902 1748 saevus
919 1695 1058 1767 apertam

310 1792 349 1856 ln
364 1792 482 1856 rabiem
497 1793 576 1856 verti
590 1794 685 1878 coepit
694 1795 795 1880 jocus,
811 1807 843 1858 et
857 1815 914 1878 per
929 1793 1075 1855 honestas

206 1912 266 1969 150
310 1903 362 1967 Ire
377 1902 488 1966 domos
503 1882 631 1987 impune
646 1905 763 1968 minax.
787 1935 789 1939 v
807 1890 937 1967 doludre
952 1913 1084 1966 cruento

310 2012 416 2077 Dente
431 2011 585 2088 lacessit13
607 2012 803 2079 luitintactis
818 2034 947 2100 quoque
962 2033 1038 2074 cura

311 2120 500 2186 Conditione
515 2141 610 2207 super
624 2125 801 2188 communi:
824 2124 900 2210 quin
915 2123 1007 2187 etiam
1024 2121 1075 2185 lex

311 2231 474 2317 Poenaque
487 2231 560 2310 lata,
576 2232 659 2296 malo
674 2256 746 2320 quae
759 2232 858 2296 nollet
872 2232 1008 2296 carmine
1023 2251 1204 2318 quenquam

309 2340 478 2406 Describit
501 2327 622 2406 vert'd're
637 2341 777 2420 modum,
792 2341 959 2406 formidine
975 2339 1063 2405 fustis

208 2459 268 2516 155
312 2449 365 2514 Ad
381 2437 644 2516 benedicendum
659 2451 941 2538 delectandumque
957 2451 1085 2515 redacti.

315 2559 440 2624 Graecia
456 2571 547 2645 capta
562 2560 662 2625 ferum
677 2561 826 2626 victorem
842 2563 934 2647 cepit,
951 2573 983 2624 et
996 2575 1079 2625 artes

315 2670 427 2736 Intulit
441 2671 556 2756 agresti
571 2671 675 2734 Latio,
720 2671 763 2734 sic
778 2671 926 2735 horridus
940 2670 992 2733 ille

311 2781 456 2848 Defluxit
470 2800 619 2844 numerus
637 2781 811 2860 Saturnius,
827 2794 859 2845 et
872 2803 968 2868 grave
981 2781 1067 2844 virus

312 2891 482 2955 Munditias
496 2881 662 2976 pepuldre:
685 2890 740 2955 sed
755 2891 788 2954 ln
803 2891 932 2978 longum
947 2902 1052 2954 tamen
1067 2912 1170 2954 aevum

208 3012 268 3069 160
313 3001 512 3080 Manserunt,
528 2983 684 3088 hodiEque
699 3013 836 3080 manent,
852 3001 982 3088 vestigia
996 3001 1088 3064 ruris.

186 3279 231 3322 142
248 3282 271 3322 et
281 3275 356 3337 pueris
366 3275 416 3320 edd.
426 3281 478 3320 vett.
547 3275 593 3319 143
609 3288 677 3334 porca
689 3275 750 3322 Cura.
849 3275 894 3319 145
911 3273 1000 3320 invecta
1010 3273 1081 3320 citam
1093 3274 1162 3321 Polit.
1177 3275 1263 3322 Brisso.
1282 3277 1367 3322 Burtlr.

188 3373 198 3388 ,-
215 3356 253 3401 ap.
269 3341 346 3388 Bentl.
362 3346 383 3384 et
401 3341 461 3386 Oua.
473 3339 553 3397 probat
563 3337 631 3384 etium
642 3341 697 3384 Sars.
779 3338 824 3384 149
841 3338 910 3399 coepit
920 3339 977 3384 verti
989 3340 1066 3384 Beati.
1151 3342 1198 3386 153
1215 3347 1294 3387 sanem
1307 3343 1366 3391 can.

147 3455 149 3462 ,
215 3405 256 3466 qui
270 3406 338 3452 etium
355 3411 407 3450 nata
422 3405 447 3448 it.
458 3403 517 3449 dicta
527 3403 552 3448 in
562 3403 611 3450 aliis
621 3417 666 3449 esse
676 3405 716 3450 art.
782 3405 827 3448 156
843 3417 914 3463 grave
924 3402 947 3447 vi
963 3415 1001 3448 rus
1012 3402 1072 3462 cortj.
1082 3405 1189 3464 Ratgers.
1223 3401 1369 3467 [usquein

215 3470 289 3530 legisse
299 3469 408 3516 eaisdmut
419 3468 540 3523 Acrortem,
557 3469 598 3530 qai
612 3469 700 3527 enimait
715 3482 804 3514 morum
816 3467 935 3522 rusticitas,
947 3476 970 3514 et
981 3466 1124 3531 carminum]

218 3685 264 3730 143
281 3682 377 3730 Porcam
385 3683 511 3730 mactabant
521 3679 606 3736 Terrae,
616 3681 675 3742 quod
687 3689 760 3728 rostro
827 3683 872 3728 149
891 3683 991 3736 Rodunt
1016 3679 1142 3728 Libidinem
1163 3680 1310 3728 naledicendi
1329 3683 1367 3730 lro·
1463 3705 1464 3716 ¹

186 3764 235 3794 eam
246 3748 345 3794 laederet.
792 3747 888 3792 minibus
900 3746 1042 3793 nobilissimis
1053 3756 1076 3792 et
1086 3745 1258 3792 honestissimis.

219 3815 265 3859 144
285 3813 385 3860 Genium
391 3827 401 3868 ;
412 3811 516 3858 daemona
523 3811 637 3858 dicitvitae
648 3811 761 3858 comitem.
827 3814 871 3857 150
888 3812 994 3866 Doluere,
1003 3811 1162 3858 irascebantur.

217 3878 351 3932 Mentorem,
364 3877 401 3938 qui
412 3876 465 3922 facit
473 3891 591 3922 memores.
826 3877 869 3921 151
888 3877 991 3930 Intactis,
1002 3891 1048 3921 non
1059 3875 1127 3922 laesis.

219 3944 264 3988 145
282 3943 432 3995 Fescennina,
440 3941 555 3989 Joctdoria
564 3941 672 3987 Carrnino
680 3947 701 3986 et
706 3955 761 4000 pro-
826 3942 872 3987 152
889 3941 939 3986 Lea
950 3955 1065 4001 panaque
1075 3941 1129 3996 ura,
1146 3939 1170 3986 in
1181 3938 1312 3988 Duodecim
1323 3939 1368 3988 Ta-

185 4007 255 4062 baso,
273 4007 332 4052 dicta
343 4007 370 4051 ab
381 4007 459 4066 oppido
471 4007 619 4059 Fescennino,
631 4007 693 4052 unde
705 4021 760 4065 pro·
792 4005 864 4050 bulis:
882 4005 934 4051 vide
946 4005 992 4052 sn.
1003 4009 1026 4052 2.
1039 4007 1061 4051 l.
1072 4007 1112 4052 82.

184 4079 304 4125 temnant,
321 4078 341 4116 et
353 4070 480 4117 Atellanico
490 4071 608 4116 nominata
618 4077 681 4116 aaut.
828 4071 873 4115 153
890 4069 960 4124 Molo,
972 4069 1080 4131 maligno.

219 4137 265 4182 rm
283 4137 438 4190 discurrentes,
451 4135 582 4181 redeuntes:
602 4135 679 4196 supple
686 4140 761 4180 autem
827 4135 874 4179 154
889 4134 998 4188 Describi,
1013 4133 1113 4196 depingi.

184 4200 291 4264 singidos.
324 4200 557 4260 Acceptupcrannos
567 4212 654 4246 resurr.
668 4199 717 4245 h.e.
728 4214 763 4244 re·
827 4199 960 4245 Formiana
971 4198 1060 4262 sustis‚·
1081 4199 1140 4252 uua
1149 4197 1303 4262 suasorium
1319 4216 1369 4260 sup.
1466 4239 1467 4264 ,

186 4264 255 4325 petitu
266 4265 392 4325 quotannis.
791 4263 888 4324 plicium
904 4265 1051 4312 coustitutum
1062 4271 1109 4310 erat
1125 4264 1151 4310 t'n
1161 4271 1280 4312 auaonm
1291 4267 1369 4312 curmt'-
1466 4265 1467 4268 ’

221 4331 267 4375 148
290 4330 435 4382 Arruibilr'ter5
465 4329 519 4375 Sine
546 4327 666 4390 petulantia
694 4329 763 4376 male·
795 4345 853 4376 rrum
869 4327 1002 4390 irfirauum.

188 4392 281 4440 dicendi.
830 4396 874 4438 158
892 4394 995 4456 Deflurit
1003 4416 1012 4450 ,·
1030 4395 1179 4454 dcsiitfluere.
