<?xml version="1.0" encoding="UTF-8"?>
<!DOCTYPE html PUBLIC "-//W3C//DTD XHTML 1.0 Transitional//EN"
    "http://www.w3.org/TR/xhtml1/DTD/xhtml1-transitional.dtd">
<html xmlns="http://www.w3.org/1999/xhtml" xml:lang="en" lang="en">
 <head>
  <title>
</title>
<meta http-equiv="Content-Type" content="text/html;charset=utf-8" />
  <meta name='ocr-system' content='tesseract 3.04.00' />
  <meta name='ocr-capabilities' content='ocr_page ocr_carea ocr_par ocr_line ocrx_word'/>
</head>
<body>
  <div class='ocr_page' id='page_1' title='image "./operacumselecti00horagoog_0352.png"; bbox 0 0 2954 5022; ppageno 0'>
   <div class='ocr_carea' id='block_1_1' title="bbox 405 285 974 355">
    <p class='ocr_par' dir='ltr' id='par_1_1' title="bbox 405 285 974 355">
     <span class='ocr_line' id='line_1_1' title="bbox 405 285 974 355; baseline -0.007 -1"><span class='ocrx_word' id='word_1_1' title='bbox 405 285 849 354; x_wconf 76' lang='lat' dir='ltr'>EPISTOLARUMLm</span> <span class='ocrx_word' id='word_1_2' title='bbox 873 285 900 351; x_wconf 82' lang='lat'>1.</span> <span class='ocrx_word' id='word_1_3' title='bbox 925 291 974 355; x_wconf 87' lang='lat'>17.</span> 
     </span>
    </p>
   </div>
   <div class='ocr_carea' id='block_1_2' title="bbox 395 639 932 789">
    <p class='ocr_par' dir='ltr' id='par_1_2' title="bbox 395 639 932 789">
     <span class='ocr_line' id='line_1_2' title="bbox 395 639 932 789; baseline 0.022 -41"><span class='ocrx_word' id='word_1_4' title='bbox 395 741 397 748; x_wconf 86' lang='grc'><em>,</em></span> <span class='ocrx_word' id='word_1_5' title='bbox 467 639 932 789; x_wconf 69' lang='grc' dir='ltr'><strong>ΕΡΙεΤοιΑΧνΠ.</strong></span> 
     </span>
    </p>
   </div>
   <div class='ocr_carea' id='block_1_3' title="bbox 583 899 809 950">
    <p class='ocr_par' dir='ltr' id='par_1_3' title="bbox 583 899 809 950">
     <span class='ocr_line' id='line_1_3' title="bbox 583 899 809 950; baseline 0 -2"><span class='ocrx_word' id='word_1_6' title='bbox 583 900 632 950; x_wconf 86' lang='lat' dir='ltr'>AD</span> <span class='ocrx_word' id='word_1_7' title='bbox 650 899 809 950; x_wconf 78' lang='lat' dir='ltr'>scAEVAM.</span> 
     </span>
    </p>
   </div>
   <div class='ocr_carea' id='block_1_4' title="bbox 106 1064 1289 1334">
    <p class='ocr_par' dir='ltr' id='par_1_4' title="bbox 106 1064 1289 1334">
     <span class='ocr_line' id='line_1_4' title="bbox 106 1064 1289 1140; baseline 0.003 -17"><span class='ocrx_word' id='word_1_8' title='bbox 106 1074 454 1138; x_wconf 75' lang='lat' dir='ltr'>dioduspmmsrendipoientes.</span> <span class='ocrx_word' id='word_1_9' title='bbox 486 1064 544 1126; x_wconf 81' lang='lat' dir='ltr'>Non</span> <span class='ocrx_word' id='word_1_10' title='bbox 559 1093 604 1125; x_wconf 86' lang='lat' dir='ltr'>esse</span> <span class='ocrx_word' id='word_1_11' title='bbox 619 1080 782 1126; x_wconf 69' lang='lat' dir='ltr'>commodum.</span> <span class='ocrx_word' id='word_1_12' title='bbox 798 1077 828 1124; x_wconf 91' lang='lat' dir='ltr'>B.</span> <span class='ocrx_word' id='word_1_13' title='bbox 860 1075 968 1124; x_wconf 89' lang='lat' dir='ltr'>Modeste</span> <span class='ocrx_word' id='word_1_14' title='bbox 978 1091 1004 1124; x_wconf 85' lang='lat' dir='ltr'>sc</span> <span class='ocrx_word' id='word_1_15' title='bbox 1016 1075 1137 1138; x_wconf 87' lang='lat' dir='ltr'>prudenter</span> <span class='ocrx_word' id='word_1_16' title='bbox 1147 1076 1219 1132; x_wconf 81' lang='lat' dir='ltr'>docet</span> <span class='ocrx_word' id='word_1_17' title='bbox 1231 1093 1289 1140; x_wconf 89' lang='lat' dir='ltr'>quo·</span> 
     </span>
     <span class='ocr_line' id='line_1_5' title="bbox 135 1141 1288 1204; baseline 0.003 -17"><span class='ocrx_word' id='word_1_18' title='bbox 135 1143 208 1188; x_wconf 88' lang='lat' dir='ltr'>modo</span> <span class='ocrx_word' id='word_1_19' title='bbox 222 1143 296 1190; x_wconf 81' lang='lat' dir='ltr'>Soaevs</span> <span class='ocrx_word' id='word_1_20' title='bbox 312 1143 441 1190; x_wconf 72' lang='lat' dir='ltr'>adolescens</span> <span class='ocrx_word' id='word_1_21' title='bbox 456 1143 619 1204; x_wconf 83' lang='lat' dir='ltr'>potentioribus</span> <span class='ocrx_word' id='word_1_22' title='bbox 635 1143 668 1190; x_wconf 90' lang='lat' dir='ltr'>uti</span> <span class='ocrx_word' id='word_1_23' title='bbox 684 1143 770 1190; x_wconf 79' lang='lat' dir='ltr'>debent</span> <span class='ocrx_word' id='word_1_24' title='bbox 806 1143 829 1188; x_wconf 88' lang='lat' dir='ltr'>Si</span> <span class='ocrx_word' id='word_1_25' title='bbox 841 1141 861 1189; x_wconf 92' lang='lat' dir='ltr'>ei</span> <span class='ocrx_word' id='word_1_26' title='bbox 874 1142 922 1188; x_wconf 77' lang='lat' dir='ltr'>rite</span> <span class='ocrx_word' id='word_1_27' title='bbox 931 1141 1004 1188; x_wconf 79' lang='lat' dir='ltr'>otiose</span> <span class='ocrx_word' id='word_1_28' title='bbox 1013 1141 1100 1204; x_wconf 73' lang='lat' dir='ltr'>plenem</span> <span class='ocrx_word' id='word_1_29' title='bbox 1114 1148 1138 1190; x_wconf 83' lang='lat' dir='ltr'>et</span> <span class='ocrx_word' id='word_1_30' title='bbox 1149 1143 1232 1190; x_wconf 72' lang='lat' dir='ltr'>urbane</span> <span class='ocrx_word' id='word_1_31' title='bbox 1242 1144 1288 1190; x_wconf 85' lang='lat' dir='ltr'>dis-</span> 
     </span>
     <span class='ocr_line' id='line_1_6' title="bbox 135 1203 1289 1270; baseline 0.002 -18"><span class='ocrx_word' id='word_1_32' title='bbox 135 1207 226 1268; x_wconf 76' lang='lat' dir='ltr'>pliceat,</span> <span class='ocrx_word' id='word_1_33' title='bbox 236 1208 376 1270; x_wconf 79' lang='lat' dir='ltr'>migrandum</span> <span class='ocrx_word' id='word_1_34' title='bbox 387 1222 437 1254; x_wconf 85' lang='lat' dir='ltr'>esse</span> <span class='ocrx_word' id='word_1_35' title='bbox 448 1205 594 1254; x_wconf 80' lang='lat' dir='ltr'>Ferentinum</span> <span class='ocrx_word' id='word_1_36' title='bbox 607 1207 656 1270; x_wconf 92' lang='lat' dir='ltr'>(ubi</span> <span class='ocrx_word' id='word_1_37' title='bbox 672 1207 775 1254; x_wconf 75' lang='lat' dir='ltr'><strong>fortassis</strong></span> <span class='ocrx_word' id='word_1_38' title='bbox 790 1206 899 1270; x_wconf 71' lang='lat' dir='ltr'>predium</span> <span class='ocrx_word' id='word_1_39' title='bbox 916 1206 993 1253; x_wconf 84' lang='lat' dir='ltr'>habuit</span> <span class='ocrx_word' id='word_1_40' title='bbox 1004 1203 1113 1267; x_wconf 78' lang='lat' dir='ltr'>Scaeve);</span> <span class='ocrx_word' id='word_1_41' title='bbox 1131 1208 1166 1252; x_wconf 84' lang='lat' dir='ltr'>sin</span> <span class='ocrx_word' id='word_1_42' title='bbox 1178 1207 1225 1254; x_wconf 88' lang='lat' dir='ltr'>suis</span> <span class='ocrx_word' id='word_1_43' title='bbox 1236 1208 1289 1254; x_wconf 87' lang='lat' dir='ltr'>sibi·</span> 
     </span>
     <span class='ocr_line' id='line_1_7' title="bbox 137 1269 1289 1334; baseline 0.003 -18"><span class='ocrx_word' id='word_1_44' title='bbox 137 1286 182 1332; x_wconf 89' lang='lat' dir='ltr'>que</span> <span class='ocrx_word' id='word_1_45' title='bbox 201 1271 240 1334; x_wconf 84' lang='lat' dir='ltr'>ipsi</span> <span class='ocrx_word' id='word_1_46' title='bbox 254 1271 359 1334; x_wconf 74' lang='lat' dir='ltr'>prodesse</span> <span class='ocrx_word' id='word_1_47' title='bbox 374 1269 435 1326; x_wconf 80' lang='lat' dir='ltr'>velit,</span> <span class='ocrx_word' id='word_1_48' title='bbox 455 1271 558 1333; x_wconf 84' lang='lat' dir='ltr'>exemplo</span> <span class='ocrx_word' id='word_1_49' title='bbox 573 1271 683 1333; x_wconf 76' lang='lat' dir='ltr'><strong>Aristippi</strong></span> <span class='ocrx_word' id='word_1_50' title='bbox 699 1271 824 1334; x_wconf 88' lang='lat' dir='ltr'>phssosophi</span> <span class='ocrx_word' id='word_1_51' title='bbox 843 1271 964 1317; x_wconf 81' lang='lat' dir='ltr'>amicitiem</span> <span class='ocrx_word' id='word_1_52' title='bbox 983 1270 1110 1332; x_wconf 82' lang='lat' dir='ltr'>potentium</span> <span class='ocrx_word' id='word_1_53' title='bbox 1125 1270 1226 1317; x_wconf 84' lang='lat' dir='ltr'>virorum</span> <span class='ocrx_word' id='word_1_54' title='bbox 1238 1287 1289 1320; x_wconf 80' lang='lat' dir='ltr'>esse</span> 
     </span>
    </p>
   </div>
   <div class='ocr_carea' id='block_1_5' title="bbox 138 1335 1354 1396">
    <p class='ocr_par' dir='ltr' id='par_1_5' title="bbox 138 1335 1354 1396">
     <span class='ocr_line' id='line_1_8' title="bbox 138 1335 1354 1396; baseline 0.002 -16"><span class='ocrx_word' id='word_1_55' title='bbox 138 1337 314 1396; x_wconf 79' lang='lat' dir='ltr'>comperandum.</span> <span class='ocrx_word' id='word_1_56' title='bbox 349 1335 403 1383; x_wconf 87' lang='lat' dir='ltr'>Hoc</span> <span class='ocrx_word' id='word_1_57' title='bbox 423 1337 482 1384; x_wconf 90' lang='lat' dir='ltr'>enim</span> <span class='ocrx_word' id='word_1_58' title='bbox 498 1337 552 1384; x_wconf 83' lang='lat' dir='ltr'>vitae</span> <span class='ocrx_word' id='word_1_59' title='bbox 564 1337 692 1383; x_wconf 87' lang='lat' dir='ltr'>institutum</span> <span class='ocrx_word' id='word_1_60' title='bbox 708 1351 755 1383; x_wconf 91' lang='lat' dir='ltr'>non</span> <span class='ocrx_word' id='word_1_61' title='bbox 771 1337 867 1383; x_wconf 81' lang='lat' dir='ltr'>alienum</span> <span class='ocrx_word' id='word_1_62' title='bbox 880 1351 929 1382; x_wconf 88' lang='lat' dir='ltr'>esse</span> <span class='ocrx_word' id='word_1_63' title='bbox 946 1335 974 1382; x_wconf 79' lang='lat' dir='ltr'>ab</span> <span class='ocrx_word' id='word_1_64' title='bbox 986 1335 1060 1381; x_wconf 87' lang='lat' dir='ltr'>officio</span> <span class='ocrx_word' id='word_1_65' title='bbox 1077 1335 1119 1382; x_wconf 88' lang='lat' dir='ltr'>viri</span> <span class='ocrx_word' id='word_1_66' title='bbox 1135 1336 1188 1382; x_wconf 91' lang='lat' dir='ltr'>boni</span> <span class='ocrx_word' id='word_1_67' title='bbox 1206 1342 1230 1382; x_wconf 88' lang='lat' dir='ltr'>et</span> <span class='ocrx_word' id='word_1_68' title='bbox 1245 1337 1289 1383; x_wconf 91' lang='lat' dir='ltr'>ho-</span> <span class='ocrx_word' id='word_1_69' title='bbox 1353 1341 1354 1344; x_wconf 77' lang='grc'>’</span> 
     </span>
    </p>
   </div>
   <div class='ocr_carea' id='block_1_6' title="bbox 138 1397 1322 1721">
    <p class='ocr_par' dir='ltr' id='par_1_6' title="bbox 138 1397 1322 1721">
     <span class='ocr_line' id='line_1_9' title="bbox 138 1397 1289 1464; baseline 0.001 -19"><span class='ocrx_word' id='word_1_70' title='bbox 138 1401 207 1446; x_wconf 86' lang='lat' dir='ltr'>nesti.</span> <span class='ocrx_word' id='word_1_71' title='bbox 234 1401 387 1463; x_wconf 79' lang='lat' dir='ltr'>Res&#39;msgn&#39;us</span> <span class='ocrx_word' id='word_1_72' title='bbox 397 1417 483 1464; x_wconf 81' lang='lat' dir='ltr'>gerere,</span> <span class='ocrx_word' id='word_1_73' title='bbox 494 1402 571 1448; x_wconf 91' lang='lat' dir='ltr'>hostes</span> <span class='ocrx_word' id='word_1_74' title='bbox 582 1400 679 1455; x_wconf 85' lang='lat' dir='ltr'>vincere,</span> <span class='ocrx_word' id='word_1_75' title='bbox 697 1399 791 1462; x_wconf 75' lang='lat' dir='ltr'>petriam</span> <span class='ocrx_word' id='word_1_76' title='bbox 811 1399 930 1446; x_wconf 79' lang='lat' dir='ltr'>defendere</span> <span class='ocrx_word' id='word_1_77' title='bbox 945 1415 996 1446; x_wconf 88' lang='lat' dir='ltr'>esse</span> <span class='ocrx_word' id='word_1_78' title='bbox 1006 1397 1130 1446; x_wconf 79' lang='lat' dir='ltr'>maximum</span> <span class='ocrx_word' id='word_1_79' title='bbox 1141 1407 1164 1446; x_wconf 88' lang='lat' dir='ltr'>et</span> <span class='ocrx_word' id='word_1_80' title='bbox 1174 1415 1244 1462; x_wconf 83' lang='lat' dir='ltr'>prope</span> <span class='ocrx_word' id='word_1_81' title='bbox 1255 1401 1289 1446; x_wconf 89' lang='lat' dir='ltr'>di-</span> 
     </span>
     <span class='ocr_line' id='line_1_10' title="bbox 139 1463 1289 1528; baseline 0.002 -19"><span class='ocrx_word' id='word_1_82' title='bbox 139 1464 225 1519; x_wconf 87' lang='lat' dir='ltr'>vinum,</span> <span class='ocrx_word' id='word_1_83' title='bbox 235 1472 257 1511; x_wconf 80' lang='lat' dir='ltr'>rt</span> <span class='ocrx_word' id='word_1_84' title='bbox 272 1466 401 1528; x_wconf 87' lang='lat' dir='ltr'>proximum</span> <span class='ocrx_word' id='word_1_85' title='bbox 418 1481 468 1512; x_wconf 84' lang='lat' dir='ltr'>esse</span> <span class='ocrx_word' id='word_1_86' title='bbox 486 1466 622 1528; x_wconf 89' lang='lat' dir='ltr'>principibus</span> <span class='ocrx_word' id='word_1_87' title='bbox 636 1465 732 1526; x_wconf 82' lang='lat' dir='ltr'>pinsere.</span> <span class='ocrx_word' id='word_1_88' title='bbox 763 1463 851 1514; x_wconf 85' lang='lat' dir='ltr'>Verum</span> <span class='ocrx_word' id='word_1_89' title='bbox 867 1465 911 1510; x_wconf 86' lang='lat' dir='ltr'>hoc</span> <span class='ocrx_word' id='word_1_90' title='bbox 928 1479 978 1510; x_wconf 84' lang='lat' dir='ltr'>esse</span> <span class='ocrx_word' id='word_1_91' title='bbox 990 1463 1086 1518; x_wconf 87' lang='lat' dir='ltr'>difficile,</span> <span class='ocrx_word' id='word_1_92' title='bbox 1097 1471 1121 1511; x_wconf 88' lang='lat' dir='ltr'>et</span> <span class='ocrx_word' id='word_1_93' title='bbox 1131 1465 1244 1525; x_wconf 85' lang='lat' dir='ltr'>requirere</span> <span class='ocrx_word' id='word_1_94' title='bbox 1255 1465 1289 1511; x_wconf 88' lang='lat' dir='ltr'>vi-</span> 
     </span>
     <span class='ocr_line' id='line_1_11' title="bbox 139 1526 1288 1593; baseline 0.003 -19"><span class='ocrx_word' id='word_1_95' title='bbox 139 1529 259 1589; x_wconf 75' lang='lat' dir='ltr'>gilantium,</span> <span class='ocrx_word' id='word_1_96' title='bbox 278 1529 423 1593; x_wconf 75' lang='lat' dir='ltr'>diligentium,</span> <span class='ocrx_word' id='word_1_97' title='bbox 442 1537 465 1577; x_wconf 89' lang='lat' dir='ltr'>et</span> <span class='ocrx_word' id='word_1_98' title='bbox 483 1532 583 1577; x_wconf 84' lang='lat' dir='ltr'>animum</span> <span class='ocrx_word' id='word_1_99' title='bbox 598 1529 688 1584; x_wconf 81' lang='lat' dir='ltr'>fortem,</span> <span class='ocrx_word' id='word_1_100' title='bbox 700 1529 738 1591; x_wconf 89' lang='lat' dir='ltr'>qui</span> <span class='ocrx_word' id='word_1_101' title='bbox 754 1529 913 1591; x_wconf 81' lang='lat' dir='ltr'>impedimenta</span> <span class='ocrx_word' id='word_1_102' title='bbox 922 1529 1005 1575; x_wconf 81' lang='lat' dir='ltr'>vincat.</span> <span class='ocrx_word' id='word_1_103' title='bbox 1038 1526 1145 1590; x_wconf 75' lang='lat' dir='ltr'>Inprimis</span> <span class='ocrx_word' id='word_1_104' title='bbox 1163 1529 1288 1577; x_wconf 85' lang='lat' dir='ltr'>cavendum</span> 
     </span>
     <span class='ocr_line' id='line_1_12' title="bbox 140 1593 1289 1656; baseline 0.002 -16"><span class='ocrx_word' id='word_1_105' title='bbox 140 1608 198 1648; x_wconf 74' lang='lat' dir='ltr'>esse,</span> <span class='ocrx_word' id='word_1_106' title='bbox 216 1609 242 1640; x_wconf 86' lang='lat' dir='ltr'>ne</span> <span class='ocrx_word' id='word_1_107' title='bbox 259 1595 309 1656; x_wconf 88' lang='lat' dir='ltr'>quis</span> <span class='ocrx_word' id='word_1_108' title='bbox 326 1595 468 1656; x_wconf 88' lang='lat' dir='ltr'>impudenter</span> <span class='ocrx_word' id='word_1_109' title='bbox 485 1593 592 1642; x_wconf 81' lang='lat' dir='ltr'>beneficis</span> <span class='ocrx_word' id='word_1_110' title='bbox 608 1593 697 1656; x_wconf 77' lang='lat' dir='ltr'>flagitet</span> <span class='ocrx_word' id='word_1_111' title='bbox 712 1601 735 1641; x_wconf 83' lang='lat' dir='ltr'>et</span> <span class='ocrx_word' id='word_1_112' title='bbox 753 1597 905 1656; x_wconf 71' lang='lat' dir='ltr'>paupertatem</span> <span class='ocrx_word' id='word_1_113' title='bbox 925 1607 989 1640; x_wconf 84' lang='lat' dir='ltr'>suem</span> <span class='ocrx_word' id='word_1_114' title='bbox 1007 1593 1231 1656; x_wconf 72' lang='lat' dir='ltr'>mommquejactet,</span> <span class='ocrx_word' id='word_1_115' title='bbox 1248 1602 1289 1642; x_wconf 84' lang='lat' dir='ltr'>eut</span> 
     </span>
     <span class='ocr_line' id='line_1_13' title="bbox 141 1657 1322 1721; baseline 0.003 -18"><span class='ocrx_word' id='word_1_116' title='bbox 141 1673 215 1703; x_wconf 87' lang='lat' dir='ltr'>rerum</span> <span class='ocrx_word' id='word_1_117' title='bbox 232 1660 363 1706; x_wconf 84' lang='lat' dir='ltr'>amissorum</span> <span class='ocrx_word' id='word_1_118' title='bbox 376 1660 488 1721; x_wconf 80' lang='lat' dir='ltr'>Jectursm</span> <span class='ocrx_word' id='word_1_119' title='bbox 506 1667 529 1706; x_wconf 90' lang='lat' dir='ltr'>et</span> <span class='ocrx_word' id='word_1_120' title='bbox 546 1659 690 1706; x_wconf 83' lang='lat' dir='ltr'>incommoda</span> <span class='ocrx_word' id='word_1_121' title='bbox 706 1659 807 1720; x_wconf 83' lang='lat' dir='ltr'>quaedsm</span> <span class='ocrx_word' id='word_1_122' title='bbox 826 1657 1026 1714; x_wconf 80' lang='lat' dir='ltr'>comminiscetur3</span> <span class='ocrx_word' id='word_1_123' title='bbox 1043 1657 1081 1718; x_wconf 92' lang='lat' dir='ltr'>qui</span> <span class='ocrx_word' id='word_1_124' title='bbox 1100 1658 1131 1704; x_wconf 81' lang='lat' dir='ltr'>ita</span> <span class='ocrx_word' id='word_1_125' title='bbox 1149 1672 1196 1704; x_wconf 87' lang='lat' dir='ltr'>non</span> <span class='ocrx_word' id='word_1_126' title='bbox 1214 1659 1288 1721; x_wconf 78' lang='lat' dir='ltr'>magle</span> <span class='ocrx_word' id='word_1_127' title='bbox 1316 1675 1322 1710; x_wconf 73' lang='lat' dir='ltr'>r·</span> 
     </span>
    </p>
   </div>
   <div class='ocr_carea' id='block_1_7' title="bbox 141 1717 1289 1834">
    <p class='ocr_par' dir='ltr' id='par_1_7' title="bbox 141 1717 1289 1834">
     <span class='ocr_line' id='line_1_14' title="bbox 141 1717 1289 1834; baseline 0 -64"><span class='ocrx_word' id='word_1_128' title='bbox 141 1722 228 1834; x_wconf 57' lang='lat' dir='ltr'>tlppgem</span> <span class='ocrx_word' id='word_1_129' title='bbox 238 1723 292 1798; x_wconf 87' lang='lat' dir='ltr'>fides</span> <span class='ocrx_word' id='word_1_130' title='bbox 304 1717 416 1779; x_wconf 73' lang='lat' dir='ltr'>hibentur,</span> <span class='ocrx_word' id='word_1_131' title='bbox 435 1739 502 1785; x_wconf 82' lang='lat' dir='ltr'>quarn</span> <span class='ocrx_word' id='word_1_132' title='bbox 518 1723 630 1771; x_wconf 88' lang='lat' dir='ltr'>meretrici</span> <span class='ocrx_word' id='word_1_133' title='bbox 647 1723 728 1771; x_wconf 83' lang='lat' dir='ltr'>damna</span> <span class='ocrx_word' id='word_1_134' title='bbox 743 1721 838 1786; x_wconf 80' lang='lat' dir='ltr'>fingenii</span> <span class='ocrx_word' id='word_1_135' title='bbox 853 1722 890 1769; x_wconf 83' lang='lat' dir='ltr'>vel</span> <span class='ocrx_word' id='word_1_136' title='bbox 905 1723 972 1785; x_wconf 80' lang='lat' dir='ltr'>pleno</span> <span class='ocrx_word' id='word_1_137' title='bbox 989 1737 1040 1768; x_wconf 80' lang='lat' dir='ltr'>erus</span> <span class='ocrx_word' id='word_1_138' title='bbox 1051 1737 1102 1770; x_wconf 85' lang='lat' dir='ltr'>esse</span> <span class='ocrx_word' id='word_1_139' title='bbox 1111 1721 1207 1777; x_wconf 80' lang='lat' dir='ltr'>fractum</span> <span class='ocrx_word' id='word_1_140' title='bbox 1218 1723 1289 1770; x_wconf 84' lang='lat' dir='ltr'>simu·</span> 
     </span>
    </p>
   </div>
   <div class='ocr_carea' id='block_1_8' title="bbox 155 1935 1206 3252">
    <p class='ocr_par' dir='ltr' id='par_1_8' title="bbox 231 1935 1206 2379">
     <span class='ocr_line' id='line_1_15' title="bbox 234 1935 1206 2050; baseline 0 -24"><span class='ocrx_word' id='word_1_141' title='bbox 234 1961 407 2042; x_wconf 69' lang='lat' dir='ltr'>Qunmvrs</span> <span class='ocrx_word' id='word_1_142' title='bbox 425 1964 544 2042; x_wconf 82' lang='lat' dir='ltr'>Scaeva,</span> <span class='ocrx_word' id='word_1_143' title='bbox 560 1935 636 2028; x_wconf 79' lang='lat' dir='ltr'>satis</span> <span class='ocrx_word' id='word_1_144' title='bbox 649 1985 709 2050; x_wconf 90' lang='lat' dir='ltr'>per</span> <span class='ocrx_word' id='word_1_145' title='bbox 722 1975 753 2028; x_wconf 84' lang='lat' dir='ltr'>te</span> <span class='ocrx_word' id='word_1_146' title='bbox 770 1963 828 2030; x_wconf 86' lang='lat' dir='ltr'>tibi</span> <span class='ocrx_word' id='word_1_147' title='bbox 841 1962 988 2040; x_wconf 89' lang='lat' dir='ltr'>consulis,</span> <span class='ocrx_word' id='word_1_148' title='bbox 1003 1972 1037 2026; x_wconf 93' lang='lat' dir='ltr'>et</span> <span class='ocrx_word' id='word_1_149' title='bbox 1050 1959 1110 2026; x_wconf 87' lang='lat' dir='ltr'>scis</span> <span class='ocrx_word' id='word_1_150' title='bbox 1205 2033 1206 2038; x_wconf 8' lang='grc' dir='ltr'>γ</span> 
     </span>
     <span class='ocr_line' id='line_1_16' title="bbox 234 2057 1153 2162; baseline 0 -27"><span class='ocrx_word' id='word_1_151' title='bbox 234 2072 310 2148; x_wconf 84' lang='lat' dir='ltr'>Quo</span> <span class='ocrx_word' id='word_1_152' title='bbox 324 2073 454 2138; x_wconf 76' lang='lat' dir='ltr'>tandem</span> <span class='ocrx_word' id='word_1_153' title='bbox 468 2085 562 2159; x_wconf 87' lang='lat' dir='ltr'>pacto</span> <span class='ocrx_word' id='word_1_154' title='bbox 576 2057 687 2139; x_wconf 77' lang='lat' dir='ltr'>deceat</span> <span class='ocrx_word' id='word_1_155' title='bbox 700 2073 873 2162; x_wconf 84' lang='lat' dir='ltr'>majoribus</span> <span class='ocrx_word' id='word_1_156' title='bbox 888 2073 954 2150; x_wconf 86' lang='lat' dir='ltr'>uti3</span> <span class='ocrx_word' id='word_1_157' title='bbox 1073 2069 1076 2076; x_wconf 84' lang='grc'><strong>’</strong></span> <span class='ocrx_word' id='word_1_158' title='bbox 1150 2073 1153 2078; x_wconf 83' lang='grc'><strong>’</strong></span> 
     </span>
     <span class='ocr_line' id='line_1_17' title="bbox 231 2173 1124 2271; baseline -0.002 -25"><span class='ocrx_word' id='word_1_159' title='bbox 231 2181 339 2258; x_wconf 87' lang='lat' dir='ltr'>Disce,</span> <span class='ocrx_word' id='word_1_160' title='bbox 355 2181 516 2247; x_wconf 87' lang='lat' dir='ltr'>docendus</span> <span class='ocrx_word' id='word_1_161' title='bbox 531 2183 636 2248; x_wconf 82' lang='lat' dir='ltr'>adhuc</span> <span class='ocrx_word' id='word_1_162' title='bbox 649 2208 721 2271; x_wconf 85' lang='lat' dir='ltr'>quoe</span> <span class='ocrx_word' id='word_1_163' title='bbox 736 2197 842 2250; x_wconf 90' lang='lat' dir='ltr'>censet</span> <span class='ocrx_word' id='word_1_164' title='bbox 856 2181 1007 2248; x_wconf 83' lang='lat' dir='ltr'>amiculus</span> <span class='ocrx_word' id='word_1_165' title='bbox 1019 2206 1028 2261; x_wconf 85' lang='lat'>3</span> <span class='ocrx_word' id='word_1_166' title='bbox 1048 2192 1084 2246; x_wconf 94' lang='lat' dir='ltr'>ut</span> <span class='ocrx_word' id='word_1_167' title='bbox 1097 2173 1124 2245; x_wconf 87' lang='lat' dir='ltr'>si</span> 
     </span>
     <span class='ocr_line' id='line_1_18' title="bbox 236 2290 1111 2379; baseline 0 -25"><span class='ocrx_word' id='word_1_168' title='bbox 236 2290 348 2355; x_wconf 84' lang='lat' dir='ltr'>Caecus</span> <span class='ocrx_word' id='word_1_169' title='bbox 363 2291 423 2356; x_wconf 86' lang='lat' dir='ltr'>iter</span> <span class='ocrx_word' id='word_1_170' title='bbox 437 2304 612 2358; x_wconf 83' lang='lat' dir='ltr'>monstrare</span> <span class='ocrx_word' id='word_1_171' title='bbox 627 2294 718 2358; x_wconf 86' lang='lat' dir='ltr'>velit:</span> <span class='ocrx_word' id='word_1_172' title='bbox 741 2291 846 2358; x_wconf 81' lang='lat' dir='ltr'>temen</span> <span class='ocrx_word' id='word_1_173' title='bbox 861 2293 976 2379; x_wconf 83' lang='lat' dir='ltr'>aspice,</span> <span class='ocrx_word' id='word_1_174' title='bbox 992 2290 1111 2378; x_wconf 89' lang='lat' dir='ltr'>siquid</span> 
     </span>
    </p>

    <p class='ocr_par' dir='ltr' id='par_1_9' title="bbox 175 2401 1142 2931">
     <span class='ocr_line' id='line_1_19' title="bbox 175 2401 1142 2490; baseline -0.002 -24"><span class='ocrx_word' id='word_1_175' title='bbox 175 2408 194 2466; x_wconf 79' lang='lat'><strong><em>5</em></strong></span> <span class='ocrx_word' id='word_1_176' title='bbox 237 2401 280 2468; x_wconf 81' lang='lat' dir='ltr'>Et</span> <span class='ocrx_word' id='word_1_177' title='bbox 293 2423 363 2480; x_wconf 89' lang='lat' dir='ltr'>nos,</span> <span class='ocrx_word' id='word_1_178' title='bbox 378 2401 466 2488; x_wconf 87' lang='lat' dir='ltr'>quod</span> <span class='ocrx_word' id='word_1_179' title='bbox 479 2426 570 2468; x_wconf 87' lang='lat' dir='ltr'>cures</span> <span class='ocrx_word' id='word_1_180' title='bbox 584 2403 748 2488; x_wconf 88' lang='lat' dir='ltr'>proprium</span> <span class='ocrx_word' id='word_1_181' title='bbox 763 2403 882 2482; x_wconf 88' lang='lat' dir='ltr'>fecisse,</span> <span class='ocrx_word' id='word_1_182' title='bbox 898 2403 1076 2490; x_wconf 82' lang='lat' dir='ltr'>loquamur.</span> <span class='ocrx_word' id='word_1_183' title='bbox 1140 2459 1142 2464; x_wconf 91' lang='lat'><em>.</em></span> 
     </span>
     <span class='ocr_line' id='line_1_20' title="bbox 234 2505 1108 2599; baseline 0 -23"><span class='ocrx_word' id='word_1_184' title='bbox 234 2513 313 2577; x_wconf 87' lang='lat' dir='ltr'>site</span> <span class='ocrx_word' id='word_1_185' title='bbox 327 2523 418 2599; x_wconf 84' lang='lat' dir='ltr'>grata</span> <span class='ocrx_word' id='word_1_186' title='bbox 432 2513 520 2598; x_wconf 88' lang='lat' dir='ltr'>quies</span> <span class='ocrx_word' id='word_1_187' title='bbox 535 2526 567 2578; x_wconf 90' lang='lat' dir='ltr'>et</span> <span class='ocrx_word' id='word_1_188' title='bbox 580 2511 715 2599; x_wconf 86' lang='lat' dir='ltr'>primam</span> <span class='ocrx_word' id='word_1_189' title='bbox 730 2536 859 2578; x_wconf 90' lang='lat' dir='ltr'>somnus</span> <span class='ocrx_word' id='word_1_190' title='bbox 874 2513 906 2577; x_wconf 91' lang='lat' dir='ltr'>in</span> <span class='ocrx_word' id='word_1_191' title='bbox 921 2512 1033 2577; x_wconf 85' lang='lat' dir='ltr'>horam</span> <span class='ocrx_word' id='word_1_192' title='bbox 1082 2511 1083 2514; x_wconf 64' lang='grc'>’</span> <span class='ocrx_word' id='word_1_193' title='bbox 1106 2505 1108 2512; x_wconf 66' lang='grc'><em>’</em></span> 
     </span>
     <span class='ocr_line' id='line_1_21' title="bbox 231 2621 998 2712; baseline -0.001 -25"><span class='ocrx_word' id='word_1_194' title='bbox 231 2622 395 2700; x_wconf 85' lang='lat' dir='ltr'>Delectat3</span> <span class='ocrx_word' id='word_1_195' title='bbox 418 2623 445 2686; x_wconf 91' lang='lat' dir='ltr'>si</span> <span class='ocrx_word' id='word_1_196' title='bbox 459 2636 490 2687; x_wconf 87' lang='lat' dir='ltr'>te</span> <span class='ocrx_word' id='word_1_197' title='bbox 504 2621 607 2707; x_wconf 88' lang='lat' dir='ltr'>pulvis</span> <span class='ocrx_word' id='word_1_198' title='bbox 622 2623 832 2712; x_wconf 86' lang='lat' dir='ltr'>strepitusque</span> <span class='ocrx_word' id='word_1_199' title='bbox 846 2637 998 2702; x_wconf 82' lang='lat' dir='ltr'>rotarum,</span> 
     </span>
     <span class='ocr_line' id='line_1_22' title="bbox 234 2732 977 2820; baseline 0 -22"><span class='ocrx_word' id='word_1_200' title='bbox 234 2733 267 2798; x_wconf 89' lang='lat' dir='ltr'>Si</span> <span class='ocrx_word' id='word_1_201' title='bbox 281 2732 370 2796; x_wconf 84' lang='lat' dir='ltr'>laedit</span> <span class='ocrx_word' id='word_1_202' title='bbox 383 2754 547 2819; x_wconf 79' lang='lat' dir='ltr'>caupona3</span> <span class='ocrx_word' id='word_1_203' title='bbox 571 2733 777 2798; x_wconf 87' lang='lat' dir='ltr'>Ferentinum</span> <span class='ocrx_word' id='word_1_204' title='bbox 790 2733 837 2798; x_wconf 86' lang='lat' dir='ltr'>ire</span> <span class='ocrx_word' id='word_1_205' title='bbox 846 2733 977 2820; x_wconf 88' lang='lat' dir='ltr'>jubebo.</span> 
     </span>
     <span class='ocr_line' id='line_1_23' title="bbox 231 2841 1031 2931; baseline 0 -23"><span class='ocrx_word' id='word_1_206' title='bbox 231 2841 315 2908; x_wconf 85' lang='lat' dir='ltr'>Nam</span> <span class='ocrx_word' id='word_1_207' title='bbox 329 2859 432 2930; x_wconf 86' lang='lat' dir='ltr'>neque</span> <span class='ocrx_word' id='word_1_208' title='bbox 446 2841 593 2907; x_wconf 87' lang='lat' dir='ltr'>divitibus</span> <span class='ocrx_word' id='word_1_209' title='bbox 608 2842 796 2930; x_wconf 85' lang='lat' dir='ltr'>contingunt</span> <span class='ocrx_word' id='word_1_210' title='bbox 808 2843 925 2931; x_wconf 83' lang='lat' dir='ltr'>gaudia</span> <span class='ocrx_word' id='word_1_211' title='bbox 939 2843 1031 2921; x_wconf 66' lang='lat' dir='ltr'>solist</span> 
     </span>
    </p>

    <p class='ocr_par' dir='ltr' id='par_1_10' title="bbox 155 2933 1034 3252">
     <span class='ocr_line' id='line_1_24' title="bbox 155 2933 1024 3040; baseline 0.006 -26"><span class='ocrx_word' id='word_1_212' title='bbox 155 2957 191 3018; x_wconf 88' lang='lat'>10</span> <span class='ocrx_word' id='word_1_213' title='bbox 233 2951 302 3018; x_wconf 89' lang='lat' dir='ltr'>Nec</span> <span class='ocrx_word' id='word_1_214' title='bbox 316 2953 395 3016; x_wconf 83' lang='lat' dir='ltr'>vixit</span> <span class='ocrx_word' id='word_1_215' title='bbox 409 2933 501 3031; x_wconf 65' lang='lat' dir='ltr'>meld,</span> <span class='ocrx_word' id='word_1_216' title='bbox 516 2953 571 3039; x_wconf 88' lang='lat' dir='ltr'>qui</span> <span class='ocrx_word' id='word_1_217' title='bbox 585 2965 677 3017; x_wconf 82' lang='lat' dir='ltr'>natus</span> <span class='ocrx_word' id='word_1_218' title='bbox 692 2954 893 3040; x_wconf 88' lang='lat' dir='ltr'>moriensque</span> <span class='ocrx_word' id='word_1_219' title='bbox 906 2951 1024 3020; x_wconf 75' lang='lat' dir='ltr'>fefellit</span> 
     </span>
     <span class='ocr_line' id='line_1_25' title="bbox 233 3044 1034 3151; baseline -0.002 -23"><span class='ocrx_word' id='word_1_220' title='bbox 233 3061 266 3128; x_wconf 86' lang='lat' dir='ltr'>Si</span> <span class='ocrx_word' id='word_1_221' title='bbox 280 3062 434 3148; x_wconf 86' lang='lat' dir='ltr'>prodesse</span> <span class='ocrx_word' id='word_1_222' title='bbox 447 3062 519 3141; x_wconf 85' lang='lat' dir='ltr'>tuis,</span> <span class='ocrx_word' id='word_1_223' title='bbox 534 3044 693 3150; x_wconf 68' lang='lat' dir='ltr'>paulisque</span> <span class='ocrx_word' id='word_1_224' title='bbox 707 3052 873 3151; x_wconf 76' lang='lat' dir='ltr'>benignius</span> <span class='ocrx_word' id='word_1_225' title='bbox 887 3063 992 3150; x_wconf 90' lang='lat' dir='ltr'>ipsum</span> <span class='ocrx_word' id='word_1_226' title='bbox 1029 3131 1034 3140; x_wconf 63' lang='grc'><em>,</em></span> 
     </span>
     <span class='ocr_line' id='line_1_26' title="bbox 235 3171 1018 3252; baseline 0.001 -14"><span class='ocrx_word' id='word_1_227' title='bbox 235 3171 285 3238; x_wconf 92' lang='lat' dir='ltr'>Te</span> <span class='ocrx_word' id='word_1_228' title='bbox 299 3185 433 3238; x_wconf 81' lang='lat' dir='ltr'>tractare</span> <span class='ocrx_word' id='word_1_229' title='bbox 448 3172 544 3252; x_wconf 86' lang='lat' dir='ltr'>voles,</span> <span class='ocrx_word' id='word_1_230' title='bbox 560 3172 690 3236; x_wconf 84' lang='lat' dir='ltr'>accedes</span> <span class='ocrx_word' id='word_1_231' title='bbox 706 3172 806 3238; x_wconf 89' lang='lat' dir='ltr'>siccus</span> <span class='ocrx_word' id='word_1_232' title='bbox 821 3171 862 3238; x_wconf 88' lang='lat' dir='ltr'>ed</span> <span class='ocrx_word' id='word_1_233' title='bbox 877 3185 1018 3239; x_wconf 88' lang='lat' dir='ltr'>unctum.</span> 
     </span>
    </p>
   </div>
   <div class='ocr_carea' id='block_1_9' title="bbox 46 3251 1071 3594">
    <p class='ocr_par' dir='ltr' id='par_1_11' title="bbox 46 3251 1071 3594">
     <span class='ocr_line' id='line_1_27' title="bbox 46 3251 958 3388; baseline 0.005 -47"><span class='ocrx_word' id='word_1_234' title='bbox 46 3281 144 3388; x_wconf 63' lang='lat' dir='ltr'>strigem</span> <span class='ocrx_word' id='word_1_235' title='bbox 230 3251 306 3361; x_wconf 55' lang='lat' dir='ltr'>&#39;‘J“Si</span> <span class='ocrx_word' id='word_1_236' title='bbox 318 3281 491 3369; x_wconf 82' lang='lat' dir='ltr'>prenderet</span> <span class='ocrx_word' id='word_1_237' title='bbox 504 3283 574 3348; x_wconf 90' lang='lat' dir='ltr'>olus</span> <span class='ocrx_word' id='word_1_238' title='bbox 588 3283 754 3368; x_wconf 82' lang='lat' dir='ltr'>patienter,</span> <span class='ocrx_word' id='word_1_239' title='bbox 769 3283 902 3369; x_wconf 59' lang='lat' dir='ltr'>regibus,</span> <span class='ocrx_word' id='word_1_240' title='bbox 911 3283 958 3347; x_wconf 88' lang='lat' dir='ltr'>uti</span> 
     </span>
     <span class='ocr_line' id='line_1_28' title="bbox 47 3371 989 3482; baseline 0.006 -30"><span class='ocrx_word' id='word_1_241' title='bbox 47 3394 172 3482; x_wconf 56' lang='lat' dir='ltr'>Aristippus,</span> <span class='ocrx_word' id='word_1_242' title='bbox 214 3371 341 3473; x_wconf 69' lang='lat' dir='ltr'>“Nollet</span> <span class='ocrx_word' id='word_1_243' title='bbox 356 3383 567 3480; x_wconf 83' lang='lat' dir='ltr'>Aristippus.”</span> <span class='ocrx_word' id='word_1_244' title='bbox 591 3400 615 3471; x_wconf 69' lang='lat' dir='ltr'>il</span> <span class='ocrx_word' id='word_1_245' title='bbox 621 3373 668 3460; x_wconf 66' lang='lat' dir='ltr'>“Si</span> <span class='ocrx_word' id='word_1_246' title='bbox 683 3393 777 3458; x_wconf 88' lang='lat' dir='ltr'>sciret</span> <span class='ocrx_word' id='word_1_247' title='bbox 791 3393 918 3480; x_wconf 81' lang='lat' dir='ltr'>regibus</span> <span class='ocrx_word' id='word_1_248' title='bbox 932 3395 989 3480; x_wconf 80' lang='lat' dir='ltr'>uti,</span> 
     </span>
     <span class='ocr_line' id='line_1_29' title="bbox 151 3485 1071 3594; baseline -0.001 -22"><span class='ocrx_word' id='word_1_249' title='bbox 151 3515 187 3574; x_wconf 79' lang='lat'>15</span> <span class='ocrx_word' id='word_1_250' title='bbox 218 3485 401 3571; x_wconf 72' lang='lat' dir='ltr'>“Fastidiret</span> <span class='ocrx_word' id='word_1_251' title='bbox 415 3505 496 3585; x_wconf 87' lang='lat' dir='ltr'>olus,</span> <span class='ocrx_word' id='word_1_252' title='bbox 511 3505 566 3594; x_wconf 90' lang='lat' dir='ltr'>qui</span> <span class='ocrx_word' id='word_1_253' title='bbox 580 3527 632 3569; x_wconf 92' lang='lat' dir='ltr'>me</span> <span class='ocrx_word' id='word_1_254' title='bbox 646 3487 766 3569; x_wconf 73' lang='lat' dir='ltr'>notet.&#39;&#39;</span> <span class='ocrx_word' id='word_1_255' title='bbox 788 3508 811 3579; x_wconf 66' lang='lat' dir='ltr'>ii</span> <span class='ocrx_word' id='word_1_256' title='bbox 828 3504 941 3570; x_wconf 90' lang='lat' dir='ltr'>Utrius</span> <span class='ocrx_word' id='word_1_257' title='bbox 955 3504 1071 3571; x_wconf 90' lang='lat' dir='ltr'>horum</span> 
     </span>
    </p>
   </div>
   <div class='ocr_carea' id='block_1_10' title="bbox 159 3689 1236 3770">
    <p class='ocr_par' dir='ltr' id='par_1_12' title="bbox 159 3689 1236 3770">
     <span class='ocr_line' id='line_1_30' title="bbox 159 3689 1236 3770; baseline 0.005 -28"><span class='ocrx_word' id='word_1_258' title='bbox 159 3694 506 3756; x_wconf 55' lang='lat' dir='ltr'>eminentqfflenmcrm.</span> <span class='ocrx_word' id='word_1_259' title='bbox 603 3698 630 3742; x_wconf 91' lang='lat' dir='ltr'>ll</span> <span class='ocrx_word' id='word_1_260' title='bbox 647 3693 766 3757; x_wconf 82' lang='lat' dir='ltr'>benignior</span> <span class='ocrx_word' id='word_1_261' title='bbox 778 3695 840 3743; x_wconf 55' lang='lat' dir='ltr'>mos</span> <span class='ocrx_word' id='word_1_262' title='bbox 922 3697 951 3742; x_wconf 78' lang='lat'>12</span> <span class='ocrx_word' id='word_1_263' title='bbox 967 3689 1159 3770; x_wconf 29' lang='lat' dir='ltr'>inunctumpdun.</span> <span class='ocrx_word' id='word_1_264' title='bbox 1168 3699 1236 3747; x_wconf 69' lang='lat' dir='ltr'>wito.</span> 
     </span>
    </p>
   </div>
   <div class='ocr_carea' id='block_1_11' title="bbox 111 3864 1292 4463">
    <p class='ocr_par' dir='ltr' id='par_1_13' title="bbox 111 3864 1292 4463">
     <span class='ocr_line' id='line_1_31' title="bbox 286 3864 1289 3935; baseline 0.002 -15"><span class='ocrx_word' id='word_1_265' title='bbox 286 3867 395 3935; x_wconf 71' lang='lat' dir='ltr'><strong>EPIST.</strong></span> <span class='ocrx_word' id='word_1_266' title='bbox 411 3864 499 3918; x_wconf 87' lang='lat' dir='ltr'>XVII.</span> <span class='ocrx_word' id='word_1_267' title='bbox 695 3907 698 3912; x_wconf 88' lang='lat'><em>.</em></span> <span class='ocrx_word' id='word_1_268' title='bbox 745 3875 760 3920; x_wconf 87' lang='grc'>6</span> <span class='ocrx_word' id='word_1_269' title='bbox 778 3869 856 3918; x_wconf 84' lang='lat' dir='ltr'>Prima</span> <span class='ocrx_word' id='word_1_270' title='bbox 866 3871 923 3919; x_wconf 87' lang='lat' dir='ltr'>hore</span> <span class='ocrx_word' id='word_1_271' title='bbox 938 3871 1002 3920; x_wconf 87' lang='lat' dir='ltr'>nobis</span> <span class='ocrx_word' id='word_1_272' title='bbox 1013 3872 1108 3934; x_wconf 80' lang='lat' dir='ltr'>septime</span> <span class='ocrx_word' id='word_1_273' title='bbox 1123 3873 1203 3922; x_wconf 87' lang='lat' dir='ltr'>dicitur</span> <span class='ocrx_word' id='word_1_274' title='bbox 1214 3881 1289 3922; x_wconf 82' lang='lat' dir='ltr'>matu·</span> 
     </span>
     <span class='ocr_line' id='line_1_32' title="bbox 137 3933 1209 3999; baseline 0.002 -15"><span class='ocrx_word' id='word_1_275' title='bbox 137 3934 268 3997; x_wconf 69' lang='lat' dir='ltr'>smajms</span> <span class='ocrx_word' id='word_1_276' title='bbox 293 3936 330 3982; x_wconf 89' lang='lat' dir='ltr'>hic</span> <span class='ocrx_word' id='word_1_277' title='bbox 359 3940 413 3982; x_wconf 87' lang='lat' dir='ltr'>sunt</span> <span class='ocrx_word' id='word_1_278' title='bbox 431 3942 540 3998; x_wconf 83' lang='lat' dir='ltr'>potentes.</span> <span class='ocrx_word' id='word_1_279' title='bbox 563 3941 589 3982; x_wconf 89' lang='lat' dir='ltr'>ut</span> <span class='ocrx_word' id='word_1_280' title='bbox 608 3933 681 3984; x_wconf 81' lang='lat' dir='ltr'>Semi.</span> <span class='ocrx_word' id='word_1_281' title='bbox 712 3935 767 3983; x_wconf 82' lang='lat' dir='ltr'>tina.</span> <span class='ocrx_word' id='word_1_282' title='bbox 799 3937 1138 3999; x_wconf 71' lang='lat' dir='ltr'>Mognisopibtudormiturin</span> <span class='ocrx_word' id='word_1_283' title='bbox 1147 3940 1209 3986; x_wconf 74' lang='lat' dir='ltr'>urbe.</span> 
     </span>
     <span class='ocr_line' id='line_1_33' title="bbox 111 3997 1289 4057; baseline 0.003 -10"><span class='ocrx_word' id='word_1_284' title='bbox 111 3997 142 4048; x_wconf 91' lang='lat'>11.</span> <span class='ocrx_word' id='word_1_285' title='bbox 153 4005 173 4048; x_wconf 92' lang='lat'>1.</span> <span class='ocrx_word' id='word_1_286' title='bbox 184 4004 224 4048; x_wconf 78' lang='lat'>61.</span> <span class='ocrx_word' id='word_1_287' title='bbox 744 4005 760 4048; x_wconf 84' lang='lat'>8</span> <span class='ocrx_word' id='word_1_288' title='bbox 778 3999 840 4048; x_wconf 91' lang='lat' dir='ltr'>Puto</span> <span class='ocrx_word' id='word_1_289' title='bbox 866 4001 910 4048; x_wconf 91' lang='lat' dir='ltr'>dici</span> <span class='ocrx_word' id='word_1_290' title='bbox 937 4001 1039 4049; x_wconf 87' lang='lat' dir='ltr'>Tuscum</span> <span class='ocrx_word' id='word_1_291' title='bbox 1066 4001 1219 4057; x_wconf 86' lang='lat' dir='ltr'>Ferentinum,</span> <span class='ocrx_word' id='word_1_292' title='bbox 1243 4019 1289 4052; x_wconf 88' lang='lat' dir='ltr'>non</span> 
     </span>
     <span class='ocr_line' id='line_1_34' title="bbox 143 4063 1263 4129; baseline 0.003 -16"><span class='ocrx_word' id='word_1_293' title='bbox 143 4065 187 4121; x_wconf 85' lang='lat' dir='ltr'>Uti,</span> <span class='ocrx_word' id='word_1_294' title='bbox 200 4063 329 4114; x_wconf 85' lang='lat' dir='ltr'>Commode</span> <span class='ocrx_word' id='word_1_295' title='bbox 338 4079 390 4110; x_wconf 89' lang='lat' dir='ltr'>cum</span> <span class='ocrx_word' id='word_1_296' title='bbox 401 4063 446 4112; x_wconf 88' lang='lat' dir='ltr'>illis</span> <span class='ocrx_word' id='word_1_297' title='bbox 455 4065 549 4112; x_wconf 80' lang='lat' dir='ltr'>versari.</span> <span class='ocrx_word' id='word_1_298' title='bbox 714 4063 855 4128; x_wconf 74' lang='lat' dir='ltr'>Campanum</span> <span class='ocrx_word' id='word_1_299' title='bbox 864 4084 870 4112; x_wconf 74' lang='lat' dir='ltr'>e</span> <span class='ocrx_word' id='word_1_300' title='bbox 890 4066 1002 4114; x_wconf 85' lang='lat' dir='ltr'>desertum</span> <span class='ocrx_word' id='word_1_301' title='bbox 1012 4068 1056 4114; x_wconf 90' lang='lat' dir='ltr'>hoc</span> <span class='ocrx_word' id='word_1_302' title='bbox 1067 4075 1115 4114; x_wconf 85' lang='lat' dir='ltr'>eret</span> <span class='ocrx_word' id='word_1_303' title='bbox 1126 4068 1263 4129; x_wconf 85' lang='lat' dir='ltr'>oppidulum.</span> 
     </span>
     <span class='ocr_line' id='line_1_35' title="bbox 139 4127 1291 4195; baseline 0.003 -19"><span class='ocrx_word' id='word_1_304' title='bbox 139 4132 152 4176; x_wconf 81' lang='lat'><em>4</em></span> <span class='ocrx_word' id='word_1_305' title='bbox 170 4133 249 4178; x_wconf 71' lang='lat' dir='ltr'>Cocus</span> <span class='ocrx_word' id='word_1_306' title='bbox 267 4131 326 4186; x_wconf 57' lang='lat' dir='ltr'>item·</span> <span class='ocrx_word' id='word_1_307' title='bbox 344 4127 453 4176; x_wconf 85' lang='lat' dir='ltr'>Graecum</span> <span class='ocrx_word' id='word_1_308' title='bbox 471 4137 507 4178; x_wconf 84' lang='lat' dir='ltr'>ert</span> <span class='ocrx_word' id='word_1_309' title='bbox 526 4127 682 4178; x_wconf 80' lang='lat' dir='ltr'>Proverbium.</span> <span class='ocrx_word' id='word_1_310' title='bbox 749 4134 777 4177; x_wconf 91' lang='lat'>10</span> <span class='ocrx_word' id='word_1_311' title='bbox 795 4129 890 4195; x_wconf 69' lang='lat' dir='ltr'>Fqseuu,</span> <span class='ocrx_word' id='word_1_312' title='bbox 901 4129 974 4178; x_wconf 81' lang='lat' dir='ltr'>latuit.</span> <span class='ocrx_word' id='word_1_313' title='bbox 1009 4133 1054 4179; x_wconf 83' lang='lat' dir='ltr'>Est</span> <span class='ocrx_word' id='word_1_314' title='bbox 1069 4139 1147 4189; x_wconf 76' lang='lat' dir='ltr'>autern</span> <span class='ocrx_word' id='word_1_315' title='bbox 1163 4133 1291 4194; x_wconf 70' lang='lat' dir='ltr'>Epicureo-</span> 
     </span>
     <span class='ocr_line' id='line_1_36' title="bbox 112 4190 1149 4256; baseline 0.003 -15"><span class='ocrx_word' id='word_1_316' title='bbox 112 4193 190 4255; x_wconf 68' lang='lat' dir='ltr'>Tvpnir</span> <span class='ocrx_word' id='word_1_317' title='bbox 201 4190 284 4256; x_wconf 49' lang='lat' dir='ltr'>nostr.</span> <span class='ocrx_word' id='word_1_318' title='bbox 713 4210 768 4242; x_wconf 78' lang='lat' dir='ltr'>nrm</span> <span class='ocrx_word' id='word_1_319' title='bbox 778 4195 826 4241; x_wconf 77' lang='lat' dir='ltr'>hoec</span> <span class='ocrx_word' id='word_1_320' title='bbox 836 4196 954 4242; x_wconf 70' lang='lat' dir='ltr'>seniorum.</span> <span class='ocrx_word' id='word_1_321' title='bbox 986 4195 1048 4244; x_wconf 63' lang='grc' dir='ltr'>Λάθι</span> <span class='ocrx_word' id='word_1_322' title='bbox 1059 4193 1149 4253; x_wconf 59' lang='grc' dir='ltr'>βάτοις.</span> 
     </span>
     <span class='ocr_line' id='line_1_37' title="bbox 139 4257 1291 4324; baseline -0.002 -18"><span class='ocrx_word' id='word_1_323' title='bbox 139 4263 152 4306; x_wconf 84' lang='grc'>5</span> <span class='ocrx_word' id='word_1_324' title='bbox 170 4262 241 4308; x_wconf 73' lang='lat' dir='ltr'>eum</span> <span class='ocrx_word' id='word_1_325' title='bbox 248 4281 257 4314; x_wconf 88' lang='lat'>,·</span> <span class='ocrx_word' id='word_1_326' title='bbox 275 4273 351 4321; x_wconf 76' lang='lat' dir='ltr'>operae</span> <span class='ocrx_word' id='word_1_327' title='bbox 365 4259 461 4322; x_wconf 86' lang='lat' dir='ltr'>pretium</span> <span class='ocrx_word' id='word_1_328' title='bbox 478 4258 569 4306; x_wconf 83' lang='lat' dir='ltr'>duxeris</span> <span class='ocrx_word' id='word_1_329' title='bbox 579 4257 602 4305; x_wconf 89' lang='lat' dir='ltr'>in</span> <span class='ocrx_word' id='word_1_330' title='bbox 615 4274 681 4306; x_wconf 88' lang='lat' dir='ltr'>usum</span> <span class='ocrx_word' id='word_1_331' title='bbox 749 4263 777 4308; x_wconf 76' lang='lat'>12</span> <span class='ocrx_word' id='word_1_332' title='bbox 794 4261 878 4316; x_wconf 80' lang='lat' dir='ltr'>Siccus,</span> <span class='ocrx_word' id='word_1_333' title='bbox 890 4274 976 4322; x_wconf 78' lang='lat' dir='ltr'>pauper</span> <span class='ocrx_word' id='word_1_334' title='bbox 991 4268 1015 4307; x_wconf 89' lang='lat' dir='ltr'>et</span> <span class='ocrx_word' id='word_1_335' title='bbox 1029 4262 1111 4324; x_wconf 71' lang='lat' dir='ltr'>tenuis</span> <span class='ocrx_word' id='word_1_336' title='bbox 1126 4270 1231 4320; x_wconf 64' lang='lat' dir='ltr'>numne,</span> <span class='ocrx_word' id='word_1_337' title='bbox 1248 4278 1291 4311; x_wconf 86' lang='lat' dir='ltr'>un.</span> 
     </span>
     <span class='ocr_line' id='line_1_38' title="bbox 112 4321 1126 4388; baseline 0.002 -19"><span class='ocrx_word' id='word_1_338' title='bbox 112 4321 158 4373; x_wconf 76' lang='lat' dir='ltr'>vite</span> <span class='ocrx_word' id='word_1_339' title='bbox 166 4335 283 4388; x_wconf 77' lang='lat' dir='ltr'>reponere,</span> <span class='ocrx_word' id='word_1_340' title='bbox 295 4330 320 4371; x_wconf 82' lang='lat' dir='ltr'>et</span> <span class='ocrx_word' id='word_1_341' title='bbox 326 4324 442 4372; x_wconf 73' lang='lat' dir='ltr'>memorie</span> <span class='ocrx_word' id='word_1_342' title='bbox 454 4331 502 4372; x_wconf 83' lang='lat' dir='ltr'>tuse</span> <span class='ocrx_word' id='word_1_343' title='bbox 511 4323 624 4372; x_wconf 79' lang='lat' dir='ltr'>mandere.</span> <span class='ocrx_word' id='word_1_344' title='bbox 698 4333 701 4338; x_wconf 88' lang='grc'>·</span> <span class='ocrx_word' id='word_1_345' title='bbox 714 4331 799 4387; x_wconf 79' lang='lat' dir='ltr'>guento</span> <span class='ocrx_word' id='word_1_346' title='bbox 810 4324 939 4380; x_wconf 85' lang='lat' dir='ltr'>delibutum,</span> <span class='ocrx_word' id='word_1_347' title='bbox 951 4335 975 4372; x_wconf 83' lang='lat' dir='ltr'>et</span> <span class='ocrx_word' id='word_1_348' title='bbox 985 4324 1017 4372; x_wconf 83' lang='lat' dir='ltr'>ite</span> <span class='ocrx_word' id='word_1_349' title='bbox 1027 4326 1126 4374; x_wconf 87' lang='lat' dir='ltr'>divitem.</span> 
     </span>
     <span class='ocr_line' id='line_1_39' title="bbox 175 4389 1292 4463; baseline 0.009 -35"><span class='ocrx_word' id='word_1_350' title='bbox 175 4393 178 4399; x_wconf 86' lang='lat'><em>·</em></span> <span class='ocrx_word' id='word_1_351' title='bbox 748 4391 777 4434; x_wconf 85' lang='lat'>15</span> <span class='ocrx_word' id='word_1_352' title='bbox 798 4389 844 4442; x_wconf 76' lang='lat' dir='ltr'>eri</span> <span class='ocrx_word' id='word_1_353' title='bbox 854 4405 890 4437; x_wconf 83' lang='lat' dir='ltr'>me</span> <span class='ocrx_word' id='word_1_354' title='bbox 901 4397 971 4444; x_wconf 71' lang='lat' dir='ltr'>nnat,</span> <span class='ocrx_word' id='word_1_355' title='bbox 987 4390 1009 4436; x_wconf 92' lang='lat' dir='ltr'>h.</span> <span class='ocrx_word' id='word_1_356' title='bbox 1020 4407 1040 4438; x_wconf 89' lang='lat' dir='ltr'>e.</span> <span class='ocrx_word' id='word_1_357' title='bbox 1052 4389 1170 4453; x_wconf 78' lang='lat' dir='ltr'>Diogenes</span> <span class='ocrx_word' id='word_1_358' title='bbox 1182 4389 1292 4463; x_wconf 65' lang='lat' dir='ltr'>Cydi‘cps.</span> 
     </span>
    </p>
   </div>
   <div class='ocr_carea' id='block_1_12' title="bbox 0 0 1515 5022">
    <p class='ocr_par' dir='ltr' id='par_1_14' title="bbox 0 0 1515 5022">
     <span class='ocr_line' id='line_1_40' title="bbox 0 0 1515 5022; baseline 0 0"><span class='ocrx_word' id='word_1_359' title='bbox 0 0 1515 5022; x_wconf 95' lang='lat' dir='ltr'> </span> 
     </span>
    </p>
   </div>
  </div>
 </body>
</html>
