2972 5020
435 335 711 423 saaruouum
734 336 811 404 aa.
832 335 861 402 ι.
884 343 913 408 ι.

220 513 396 593 conlidens,
412 513 634 600 tumidusqne3
650 492 730 576 oded
744 507 898 574 sermonis
912 510 1021 589 amari,

219 630 370 704 sisennas,
387 625 508 691 Barros
523 636 559 694 ut
572 622 661 710 equis
675 632 886 707 praecurreret
899 620 989 688 albis.

219 738 268 802 Ad
283 737 406 822 Regem
420 735 536 800 redeo:
551 744 720 820 postquam
733 729 813 794 nihil
833 731 916 796 inter
929 743 1100 820 utrumque

145 859 180 913 to
222 845 373 911 Convenit
388 845 462 931 (hoc
477 843 594 908 etenim
607 854 682 908 sunt
695 861 805 908 omnes
814 841 887 926 jure
901 841 1036 922 molesti,

219 957 288 1034 Quo
302 955 409 1034 fortes,
425 955 539 1041 quibua
554 953 720 1018 adversum
734 951 853 1016 bellum
866 950 984 1017 incidit.
1029 953 1119 1019 Inter

221 1066 360 1131 Hectora
376 1064 569 1141 Priamiden,
584 1063 762 1128 animosum
776 1073 870 1174 atque
883 1063 966 1129 inter
981 1063 1138 1130 Achillem

222 1177 271 1240 Ira
284 1177 344 1240 fuit
357 1175 508 1260 capitalis,
525 1186 562 1238 ut
574 1173 684 1238 ultima
698 1172 852 1237 divideret
865 1193 951 1238 mors
962 1197 971 1250 3

219 1288 290 1352 Non
304 1286 398 1350 aliam
413 1285 455 1350 ob
470 1307 606 1364 causam,
622 1283 683 1348 nisi
697 1261 784 1369 qudd
797 1284 896 1348 virtus
910 1283 944 1348 iu
957 1294 1091 1370 utroque
1148 1270 1162 1394 :h

141 1410 176 1466 15
209 1399 348 1462 'Summa
360 1395 428 1460 fuit.
473 1395 550 1461 Duo
565 1395 592 1458 si
606 1393 764 1458 discordia
777 1406 870 1458 vexet
886 1395 1021 1469 inertem

219 1509 283 1571 Aut
297 1506 324 1570 si
338 1505 516 1590 disparibus
530 1504 648 1570 bellum
662 1502 789 1581 incidat,
805 1516 841 1568 ut
854 1504 1006 1569 Diomedi

220 1619 299 1682 Corn
320 1615 421 1702 Lycio
437 1615 578 1690 Glauco3
594 1613 733 1680 discedet
747 1612 878 1700 pigrior,
892 1601 976 1679 ultrB

220 1727 407 1792 Muneribus
422 1712 538 1806 missis)
554 1724 656 1788 Bruto
672 1723 817 1788 Praetore
832 1736 958 1790 tenente

219 1837 328 1902 Ditem
344 1835 465 1913 Asiam,
483 1833 593 1918 Rupili
608 1847 640 1896 et
655 1833 745 1898 Persi
759 1856 818 1919 par
831 1847 961 1923 pugnat,
977 1835 1024 1900 uti
1037 1859 1103 1901 non

137 1958 175 2014 20
217 1931 435 2032 Compdsitnm
450 1923 561 2008 melitis
575 1965 649 2006 cum
665 1942 762 2006 Bitho
778 1944 952 2023 Bacchius3
968 1945 1065 2032 injus

217 2057 317 2120 Acres
331 2066 533 2142 procurrunt,
549 2074 701 2140 magnum
720 2054 933 2138 spectaculum
947 2068 1088 2144 uterque.

216 2165 345 2230 Persius
360 2164 492 2250 exponit
500 2185 638 2240 causam,
654 2162 775 2226 ridetur
790 2163 831 2227 ab
845 2165 933 2230 omni

218 2277 386 2342 Conventu
394 2299 403 2351 ;
426 2274 533 2338 laudat
549 2274 697 2352 Brutum,
712 2272 882 2360 laudatque
896 2274 1077 2355 cohortem3

219 2385 327 2451 Solem
342 2385 430 2450 Asiae
446 2384 583 2448 Brutum
597 2383 752 2469 appellat3
775 2382 941 2470 stellasque
955 2386 1106 2467 salubres,

142 2505 177 2562 25
218 2495 370 2581 Appellat
384 2493 523 2572 comites,
539 2505 672 2579 excepto
689 2494 791 2580 Rege3
814 2513 926 2557 canem
939 2493 1039 2573 illum,

218 2605 361 2670 Invisum
371 2602 517 2690 agricolis
532 2601 630 2681 sidus,
647 2603 785 2668 venisse:
809 2602 922 2667 ruebat

109 2809 263 2870 ttumidusque
273 2808 344 2856 diam
356 2809 384 2854 Z.
396 2806 581 2854 Vea.1479.etc.
679 2807 709 2853 tt
725 2805 838 2869 pulchrior
860 2806 928 2854 Han.
942 2805 970 2854 G.
981 2809 1006 2855 S.
1028 2809 1083 2856 Bos.
1098 2809 1179 2858 Anim.
1192 2826 1220 2872 p.
1235 2815 1276 2861 59.

134 2871 231 2920 Discedat
253 2874 310 2920 Vm.
333 2871 402 2920 ctat.
421 2871 504 2918 Laod.
523 2870 600 2917 Bentl.
617 2877 639 2916 et
655 2869 701 2918 alii.
797 2873 829 2917 20
847 2869 993 2934 Compositua
1018 2872 1046 2919 G.
1066 2875 1095 2920 Z.
1118 2875 1181 2922 Med.
1201 2877 1274 2927 14⁷7.

137 2938 184 2984 Vra.
202 2941 270 2986 1479.
293 2938 319 2984 it.
340 2937 396 2983 Ald-
415 2937 489 2996 Steplr.
505 2943 599 2997 aterqroe
609 2935 671 2982 Bar.
681 2942 702 2982 et
712 2935 859 2984 aldeditcres.
922 2938 953 2982 21
970 2945 1106 2997 procurrunt
1115 2941 1275 3000 probantium

136 3001 296 3052 Hanaadstl.
314 3004 405 3050 2566.
437 3006 575 3048 concurrunt
596 2999 627 3048 nl.

133 3183 237 3231 VFtdent
247 3185 273 3232 ia
284 3184 361 3240 bonis,
378 3182 493 3246 confidens
503 3183 528 3228 in
539 3181 612 3228 molis.
697 3180 778 3238 beros;
805 3180 858 3229 hinc
879 3181 980 3244 capitalis
1000 3183 1044 3231 hoc
1061 3183 1113 3232 loco
1134 3199 1176 3248 pro
1195 3186 1275 3235 morti·

134 3249 232 3296 Serrana
249 3251 334 3306 amavi,
357 3249 450 3295 acerbus
468 3247 491 3294 iu
512 3245 666 3294 maledicendo
697 3245 753 3293 iera.

110 3313 249 3361 etrehcmens.
732 3310 810 3372 Θυμοῦ
830 3309 876 3377 γὰρ
894 3308 950 3358 aidis
967 3311 1037 3377 γῆράς
1057 3313 1114 3362 lew
1133 3313 1195 3362 ἔλλο
1213 3315 1275 3368 πλὴν

135 3379 147 3420 8
162 3379 268 3426 Coralius
278 3379 384 3433 himas,
398 3377 427 3424 de
448 3375 525 3424 uxoris
546 3375 594 3422 vita
608 3373 667 3437 apud
698 3375 779 3431 barris,
790 3377 859 3424 verba
870 3383 923 3424 runt
934 3377 1060 3438 Sophoclis.

112 3437 199 3488 Senatum
211 3443 372 3506 interpellatus,
384 3441 499 3504 respondit
510 3455 534 3487 se
545 3441 598 3488 olim
610 3441 667 3486 dux-
730 3442 853 3496 Divideret,
866 3443 888 3488 h.
899 3457 919 3488 e.
931 3442 1051 3490 dirimeret.

112 3502 146 3550 iste
155 3521 196 3552 eam
207 3523 273 3556 suasu
284 3515 308 3554 et
316 3509 409 3554 hortatu
420 3505 529 3568 Augusti.
734 3509 764 3552 lt
781 3506 818 3552 Sic
829 3513 852 3552 et
864 3506 987 3569 Virgilium
1004 3509 1030 3554 tt·
1043 3508 1089 3555 duo
1100 3516 1211 3569 prraeterao
1220 3510 1276 3556 tales

137 3569 200 3630 Εᾳιιὶι
208 3574 267 3630 alta,
280 3572 405 3620 Proverbio
416 3579 464 3618 erat
474 3587 515 3633 pro
530 3570 593 3631 equis
604 3570 667 3617 velo·
699 3571 765 3618 Idem
775 3571 859 3618 tulisset
873 3572 944 3618 Tem
954 3573 1019 3619 viros.

113 3630 196 3706 cissimis.
226 3637 366 3700 Hujusmodi
384 3638 436 3698 equi
451 3642 516 3683 eraut
531 3635 584 3682 solis
600 3642 668 3696 atque
734 3637 763 3681 18
781 3636 917 3684 Muneribus
932 3637 1020 3692 mittisr
1048 3644 1075 3685 ut
1095 3637 1197 3686 clamas
1213 3639 1276 3686 cessit

114 3703 166 3743 ellim
184 3701 373 3764 triumphandum.
417 3702 463 3754 Qut
485 3702 582 3748 candore
607 3701 668 3746 nives
699 3700 1205 3764 Dioawdiamnommaureaacceptisoereis.

114 3764 211 3822 flabiam,
231 3769 333 3816 cursibus
351 3781 430 3816 caras.
462 3764 545 3828 Virgil.
564 3765 592 3812 de
604 3764 667 3826 equis
733 3767 833 3812 Praetora
850 3781 913 3813 more
928 3765 998 3813 veteri
1017 3767 1093 3828 posuit
1111 3783 1153 3830 pro
1176 3765 1277 3830 Impera-

116 3820 204 3876 Pllunrni.
700 3835 761 3878 tore:
783 3846 836 3877 nam
848 3830 935 3878 Brutus
953 3831 997 3878 hoc
1008 3839 1109 3893 tempore
1119 3832 1143 3878 in
1154 3831 1211 3880 Asia
1221 3846 1277 3879 con·

118 3950 122 3959 Ι
140 3892 164 3963 ld
179 3895 261 3942 Mobsi
270 3911 355 3950 maaca,
363 3895 445 3957 quibas
455 3895 575 3942 adversam
586 3893 669 3942 tedam
701 3896 802 3942 trahebat
813 3896 894 3942 auxilia
905 3896 1013 3944 adversus
1024 3895 1165 3958 Augustum.

115 3955 243 4009 miscent
261 3961 301 4006 hoc
316 3960 383 4022 jure,
406 3961 448 4007 hac
470 3959 605 4016 conditione,
624 3975 669 4020 quo
735 3963 765 4007 19
782 3959 844 4007 Nam
851 3961 999 4022 gladiatorum
1010 3962 1072 4024 paria
1082 3961 1125 4008 dici
1135 3961 1216 4008 solent.

107 4013 596 4092 sataqatbateuamtaddanempentvel
607 4039 670 4072 com·
734 4028 766 4072 20
785 4026 941 4087 Cornpositam,
954 4026 1098 4086 scilieetpur.

114 4091 202 4130 monum
218 4088 337 4147 dimicatio,
348 4090 385 4138 vel
400 4091 505 4136 alteruter
516 4096 577 4136 certe
587 4095 669 4150 pereat.
733 4091 817 4137 Bdlas
826 4099 848 4137 et
859 4092 973 4138 Bacchius
982 4091 1115 4151 gladiatores
1135 4089 1213 4149 optimi
1233 4088 1276 4136 illis

115 4140 212 4219 (dirrutum
222 4153 249 4198 ad
258 4169 387 4217 pugnarum
397 4161 504 4202 eventum
515 4154 604 4201 molesti
617 4159 671 4200 sunt
702 4156 837 4215 temperabas
849 4156 959 4219 ficerunt,
976 4157 1017 4216 qui
1032 4170 1087 4202 oum
1097 4155 1179 4200 maltos
1194 4155 1277 4201 intere-

114 4210 181 4258 ⁸1mtlea
191 4212 289 4266 fortibus.
701 4221 799 4276 miscent,
811 4221 923 4268 commissi
933 4220 993 4266 irater
1007 4234 1031 4266 se
1045 4220 1132 4266 maus
1147 4219 1278 4269 maneriae

139 4275 163 4346 ll
178 4276 277 4330 Ridicula
290 4283 386 4332 imitatio
403 4283 511 4332 Heroicae
528 4281 629 4330 Pobseos
645 4282 668 4330 iu
700 4286 855 4334 comoderunt.

114 4331 148 4382 iili
156 4345 246 4394 miletis.
262 4347 366 4416 'Europa
377 4345 506 4416 Πριαμίδην,
517 4339 667 4396 Homericum
732 4351 765 4396 28
782 4348 1215 4414 LbhmtemcomitetdiadBnquut't'n
1224 4364 1277 4397 out·

115 4407 148 4446 “iv
699 4414 841 4464 stanam.
861 4411 1117 4468 Hincnoarirttoart

139 4468 164 4514 13
179 4469 235 4521 Olim
252 4477 324 4527 securi
342 4479 496 4543 percutiebant
517 4485 626 4528 nocentes
639 4478 666 4526 li-
