2972 5020
268 385 271 392 k
377 277 381 283 ’
416 306 762 376 errsuonnnun
784 307 912 375 ner.
937 319 964 374 1.
1212 313 1274 378 sur

153 495 186 552 30
222 483 297 564 Nec,
313 483 388 571 qnia
400 482 548 568 desperes
562 478 670 546 invicti
683 479 825 547 membra
840 479 1004 568 Glyconis,

225 574 358 658 Nodosd
367 615 482 678 corpus
496 591 577 656 nolis
591 589 762 676 prohibere
775 575 941 679 cbemgrd„

134 753 136 758 -
223 706 281 770 Est
294 689 431 792 quddam
445 701 573 788 prodire
587 683 690 778 tentis,
705 701 731 764 si
745 721 810 765 non
824 700 918 766 datur
932 675 1024 766 uitri.

215 817 330 880 Fervet
344 796 475 878 avaritiii
487 812 664 897 miseroque
677 810 827 900 cupidine
839 810 974 895 pectus?

220 925 300 990 Sunt
314 923 411 988 rerba
425 933 572 999 atroces,
588 920 702 1007 quibus
716 920 803 985 hunc
816 920 916 986 lenire
929 919 1072 986 dolorem

144 1044 178 1100 35
217 1033 333 1110 Possis,
349 1044 382 1096 et
395 1035 542 1118 magnam
556 1028 660 1094 morbi
673 1027 833 1114 deponere
847 1041 979 1116 partem.
1071 1033 1074 1040 ’

216 1143 336 1214 Laudis
351 1163 459 1206 amore
472 1138 601 1207 tumes?
622 1149 696 1203 suut
709 1147 795 1204 certa
808 1139 942 1225 piacula,
958 1162 1030 1227 quae
1044 1155 1075 1206 te

216 1253 281 1318 Ter
295 1235 382 1337 pure
391 1250 473 1314 lecto
487 1261 638 1335 poterunt
652 1271 795 1314 recreare
809 1248 925 1314 libello.

214 1361 355 1439 Invidus,
371 1358 550 1438 iracundus,
566 1358 660 1438 iners,
675 1358 814 1436 vinosus,
829 1368 950 1423 amator
958 1382 968 1434 ς

219 1473 322 1538 Nemo
335 1455 417 1535 adeb
431 1469 515 1534 ferus
529 1481 587 1548 est,
603 1481 639 1534 ut
651 1491 719 1566 non·
732 1467 895 1534 mitescere
907 1467 1018 1553 possit,

138 1594 175 1649 40
215 1583 247 1650 Si
261 1567 359 1647 modo
373 1581 504 1646 culturae
518 1580 688 1666 patientem
699 1577 879 1644 commodet
892 1600 1011 1644 aurem.
1089 1581 1090 1586 ’

212 1693 322 1758 V'ntus
337 1702 385 1756 est
398 1689 509 1755 vitium
522 1689 641 1776 fugere,
657 1699 689 1754 et
703 1689 857 1773 sapientia
869 1690 973 1774 prima

215 1785 355 1869 stultitia
368 1801 515 1866 caruisse.
559 1799 668 1877 Vides,
684 1815 757 1885 quae
770 1799 909 1864 maxima
923 1799 1024 1864 credis
1096 1779 1099 1786 Ι

212 1915 291 1980 Esse
305 1911 399 1990 mals,
415 1911 566 1998 exiguum
580 1930 720 1987 censum,
735 1920 923 1996 turpemque
937 1909 1106 1996 repulsam,

214 2024 345 2100 Quanto
359 2019 589 2088 deviemini
603 2019 777 2106 cupitisque
790 2020 909 2088 labore.

135 2142 172 2200 45
212 2133 354 2219 Impiger
369 2143 527 2197 extremos
542 2131 643 2196 curris
657 2141 813 2196 mercator
826 2132 868 2196 ad
883 2132 993 2213 Indos,

211 2243 274 2308 Per
287 2261 376 2306 mare
388 2241 572 2327 pauperiem
586 2237 720 2325 fugiens,
736 2229 795 2326 per
808 2261 894 2321 saxa,
909 2265 968 2329 per
981 2244 1069 2333 ignes
1081 2268 1127 2310 2„-
1221 2229 1223 2236 ’

210 2353 262 2417 Ne
276 2373 367 2418 cures
382 2373 419 2420 eu
433 2372 506 2438 quae
520 2333 617 2415 stulte
628 2350 754 2416 miraris
766 2361 799 2416 et
812 2363 912 2437 optas,

212 2462 346 2527 Discere
360 2473 392 2527 et
405 2461 515 2526 audire
530 2473 562 2526 et
575 2460 698 2526 meliori
712 2460 841 2527 credere
854 2485 920 2528 non
934 2463 1006 2530 visi

211 2571 292 2647 Quis
306 2571 424 2636 circum
438 2593 537 2658 pagos
552 2584 584 2635 et
597 2570 716 2634 circum
730 2571 867 2657 compita
880 2592 1011 2660 pugnax

129 2689 173 2746 ⁵0
212 2680 335 2768 Magne
348 2681 494 2746 coronari
507 2691 688 2746 contemnat
703 2679 862 2766 Olympia,
878 2679 929 2745 cui
943 2701 1025 2769 spes,

212 2791 273 2856 Cui
288 2791 328 2856 sit
342 2791 481 2856 conditio
495 2789 596 2856 dulcis
611 2789 677 2854 sine
691 2789 821 2875 pulvere
835 2791 975 2876 palmae?

210 2900 312 2965 Vilius
327 2912 493 2987 argentum
507 2911 555 2964 est
568 2921 657 2979 auro,
673 2901 839 2966 virtutibus
854 2925 976 2967 aurum.

92 3091 120 3136 110
130 3103 172 3150 pro
182 3088 240 3144 Nec,
258 3087 438 3135 ermenrici
455 3086 510 3135 Neu
522 3089 582 3136 000.
614 3090 644 3134 31
663 3087 772 3151 cheragra
780 3089 849 3137 014000
863 3090 891 3139 G.
903 3091 957 3138 chir.
969 3091 1001 3139 ol.
1032 3092 1065 3139 82
1081 3090 1263 3156 quadnnrfimrat

119 3156 185 3216 ὅπη.
196 3153 307 3215 quoddam
320 3155 348 3200 Z.
359 3152 422 3200 Med.
435 3155 505 3199 1477.
556 3155 605 3206 ,33
621 3151 746 3214 miseraque
762 3155 817 3201 Vcn.
827 3155 880 3202 MS.
890 3157 979 3203 Bernn.
1042 3157 1076 3204 84
1092 3157 1191 3204 laborem
1203 3159 1264 3206 Cure.

113 3226 161 3278 post
172 3219 243 3280 Gruq.
307 3219 338 3264 40
355 3217 510 3264 accommodet
521 3215 572 3264 Sur.
581 3223 603 3262 et
613 3217 666 3263 MS.
677 3218 768 3266 Boram.
831 3219 863 3264 44
879 3220 947 3267 enimi
958 3221 986 3267 Ζ.
997 3219 1061 3269 Med.
1070 3223 1140 3269 1477.
1172 3221 1264 3271 Ferte.

117 3281 446 3396 pppbffinswussrepuriu.
510 3281 541 3328 48
557 3280 639 3330 audere
650 3284 680 3329 Z.
744 3285 776 3330 52
793 3281 868 3331 Vdius
886 3292 922 3334 est
939 3299 995 3334 auro
1013 3296 1132 3349 argentum
1149 3287 1228 3336 Beati
1242 3295 1265 3334 rt

115 3513 144 3558 ³0
162 3511 342 3572 Glyconutidetu
353 3505 560 3574 perfidissimus.
687 3511 747 3558 maio
766 3509 848 3574 aliquid
869 3511 956 3567 babere
979 3518 1004 3558 ut
1022 3524 1079 3560 mox*
1095 3511 1170 3576 Epist.
1189 3515 1212 3562 l·.
1235 3516 1261 3562 6.

114 3577 141 3623 81
158 3577 261 3630 Nudam,
277 3575 382 3636 lapidum
398 3574 512 3622 tuberibus
523 3571 632 3622 intumis.
689 3578 709 3626 1.
743 3575 913 3623 Mludurirari.

113 3641 143 3694 ⁸2
158 3640 275 3688 Enidan
285 3639 345 3701 quod
354 3639 414 3690 neec
426 3645 452 3686 ut
463 3637 511 3686 Ser.
521 3641 544 3687 2.
555 3642 579 3686 5.
592 3641 645 3686 103.
718 3640 751 3687 ts
766 3641 862 3696 Meliori,
872 3641 971 3688 nunu.

115 3706 145 3751 ³4
160 3707 225 3752 ,11011
238 3705 304 3752 rurba
318 3711 340 3751 et
358 3717 435 3750 vocem
454 3702 519 3750 Ebir
535 3699 555 3750 i’
573 3699 655 3765 inopini
717 3707 747 3750 ru
768 3705 867 3754 conatu
893 3707 971 3761 (101οί0,
1000 3719 1048 3754 aron
1074 3707 1148 3754 dulcis
1165 3707 1260 3768 pulmoe.
1329 3747 1331 3752 .

90 3767 193 3830 aarum
204 3767 340 3834 seneigana,
352 3766 472 3830 Euripides
482 3768 506 3814 iu
517 3765 551 3814 Hi
596 3768 654 3830 lyto.
687 3767 746 3824 Quis
756 3770 840 3818 athleta
850 3769 1038 3818 circumforaneus
1049 3785 1095 3818 non
1106 3771 1169 3818 malit
1180 3770 1262 3832 Olym·

115 3835 143 3880 it)
160 3833 260 3881 Animus
271 3833 383 3894 subigitur
397 3840 421 3879 et
429 3839 539 3895 purgetur
586 3832 655 3881 iloso-
686 3833 723 3896 pia
733 3835 842 3895 coronari,
855 3836 873 3882 si
885 3849 936 3896 spes
950 3841 973 3882 et
987 3835 1087 3882 conditio
1096 3833 1202 3883 offeratur
1213 3835 1263 3882 siue

89 3895 137 3958 piis
148 3899 181 3946 uti
195 3899 361 3960 agmnrduru.
686 3898 761 3945 labore
779 3901 925 3961 assequendae
945 3899 1005 3946 illius
1028 3899 1129 3960 palme?
1160 3899 1262 3946 Murrus

114 3963 142 4012 43
159 3965 292 4023 Repulsum,
304 3960 445 4022 rejectimm
455 3962 484 4008 ab
494 3959 622 4010 11000νί0000.
686 3959 805 4018 Horatius,
818 3979 863 4011 non
881 3963 956 4027 potius
973 3963 1099 4026 cupidinem
1118 3964 1202 4011 maium
1220 3977 1261 4011 ex·

114 4029 144 4074 44
159 4028 256 4084 Labore,
267 4025 402 4082 discrimine,
414 4025 512 4088 vitaeque
521 4025 628 4088 periculo.
686 4027 779 4089 stirpare
793 4029 902 4085 homines,
914 4036 938 4076 ct
953 4029 985 4075 sic
1000 4027 1068 4075 finem
1083 4029 1195 4075 bonorum
1205 4041 1262 4074 con·

114 4093 142 4140 46
159 4093 207 4139 Per
221 4103 301 4148 atara5
318 4092 359 4138 hoc
373 4091 418 4138 loco
432 4091 566 4150 Theognidis
578 4103 656 4139 uersus
687 4092 756 4152 sequi,
771 4108 838 4154 quam
849 4107 951 4156 pugnare
965 4107 1017 4139 cum
1028 4092 1161 4153 quotidianis
1171 4099 1260 4154 pertur-

89 4154 179 4204 irn'tutus
189 4165 227 4213 cst,
238 4157 339 4219 quierit:
353 4151 485 4219 ‘Hriizgi
495 4153 656 4216 ptymmt
685 4156 821 4217 bubonibus
874 4159 920 4212 Qui
953 4156 1069 4204 01πᾶ900»
1099 4157 1172 4212 babet,
1205 4156 1269 4204 vicit

90 4217 105 4270 ir
123 4221 258 4282 perusina
280 4220 358 4270 circu
375 4215 478 4276 ‘Perseia
501 4218 543 4268 sui
563 4219 654 4286 rur-piri,
687 4219 806 4283 Olympia:
825 4222 863 4283 qui
875 4222 949 4270 studet
960 4220 1259 4283 sedsfacerecupiditatibus,

90 4282 153 4350 dign,
162 4285 217 4333 Μ’
226 4286 352 4346 ἠλιβάτων.
685 4292 772 4348 pugnat
782 4287 881 4348 quotidie
888 4299 976 4350 pugnas
986 4285 1104 4347 ignobiles.

113 4351 156 4398 Per
165 4352 232 4412 ignee
244 4365 286 4416 per
297 4349 406 4398 torridum
417 4347 513 4398 Zonarn.
717 4351 772 4398 dine
778 4352 880 4410 puluere
891 4349 1040 4398 Proverbialis
1047 4348 1160 4405 Elocutio,
1169 4345 1262 4400 40004.

113 4416 141 4464 47
156 4417 241 4466 isurun*
259 4423 295 4466 est
314 4429 358 4479 pro
375 4427 460 4476 magno
479 4421 519 4464 aut
536 4415 597 4464 bono
615 4420 654 4461 aut
718 4417 749 4462 di
767 4413 831 4464 Hinc
848 4429 909 4464 novo
926 4415 989 4478 quusi
1006 4413 1098 4462 exordio
1116 4415 1218 4463 ostendit·
1224 4415 1262 4462 ic·

1005 4481 1088 4542 *xi
