2964 5022
467 313 734 382 CARMINUM
755 313 830 378 Lm.
855 310 881 376 Ι.
906 320 934 374 3.

217 487 287 564 Qui
297 486 374 552 vidit
388 509 480 552 mare
494 487 665 566 turbidum,
680 498 712 550 et

122 607 168 662 20
267 598 402 662 lnfames
418 598 575 684 scopulos,
593 592 849 662 Acroceraunia?

223 707 466 794 Necquicquam
481 707 575 800 Deus
586 707 718 772 abscidit

270 816 414 881 Prudens
430 817 561 882 Oceano
575 815 762 880 dissociabili

223 927 353 1004 Terras,
370 927 396 990 si
411 937 516 990 tamen
530 925 635 1009 impioe
774 995 775 1000 η

271 1035 344 1098 Non
355 1035 514 1122 tangenda
527 1047 609 1098 rates
624 1034 801 1100 transiliunt
815 1035 903 1102 vada.

134 1154 178 1209 25
226 1144 353 1208 Aunax
367 1145 474 1209 omnia
487 1145 609 1229 perpeti

273 1254 362 1319 Gens
375 1255 513 1320 hnmana
526 1256 590 1320 ruit
602 1277 659 1341 per
673 1255 800 1340 vetitum
814 1255 910 1320 nefas.

229 1365 347 1430 Audax
362 1365 463 1449 Iapeti
476 1389 576 1453 genus

272 1474 384 1563 Ignem
398 1475 508 1541 fraude
522 1478 603 1542 mala
616 1476 762 1564 gentibus
778 1477 901 1540 intulit:

228 1589 307 1653 Post
319 1588 424 1674 ignem
436 1586 567 1652 aethcria
580 1587 674 1651 domo

142 1711 183 1764 30
274 1697 481 1777 subductum,
493 1700 606 1764 macies
621 1709 652 1763 et
666 1720 748 1762 nova
762 1697 894 1762 febrium

230 1809 342 1874 Terris
356 1809 498 1874 incubuit
511 1808 623 1872 cohors
634 1833 643 1884 3

275 1899 454 2005 Semotique
468 1919 556 2004 prius
570 1921 659 1985 tarda
674 1918 839 1986 necessitas

227 2029 302 2093 Leti
317 2028 468 2113 corripuit
481 2028 625 2116 gradum.

275 2136 433 2222 Expertus
447 2142 748 2226 vacuumuDaedulus
763 2143 835 2205 aiira

143 2260 181 2316 35
227 2247 347 2312 Pennis
361 2270 424 2312 non
439 2248 559 2314 homini
572 2251 662 2316 datis.

272 2352 421 2442 Perrupit
431 2351 614 2425 Acheronta
630 2359 808 2426 Herculeus
822 2359 919 2424 labor.

228 2469 285 2533 Nil
300 2469 482 2534 mortalibus
497 2470 630 2535 arduum
645 2482 712 2536 est:

274 2577 400 2644 Coelum
414 2579 517 2665 ipsum
527 2581 662 2665 petimus
676 2580 823 2657 stultitie3
846 2603 948 2667 neque

225 2691 294 2772 ⁸Per
309 2702 451 2754 nostrum
461 2689 598 2774 petimur
610 2689 709 2756 scelus

147 2812 185 2867 to
274 2799 431 2865 Iracunda
444 2799 554 2864 Jovem
568 2821 687 2892 ponere
700 2800 839 2868 fidmina.

117 3018 141 3062 19
155 3014 261 3062 turbidum
271 3014 340 3062 etiam
358 3014 402 3059 Br.
418 3011 531 3074 turgidum
547 3013 577 3059 al.
588 3013 648 3073 quand
657 3012 721 3076 sorte
739 3015 791 3061 nul.
811 3014 842 3062 G.
881 3013 962 3060 Etiam
973 3013 1025 3060 MS.
1036 3014 1157 3061 Borma
1170 3013 1210 3060 atti
1227 3014 1278 3060 libri

141 3080 203 3126 multi
217 3081 277 3130 ,duat
296 3077 421 3128 turbidum:
440 3085 465 3123 ot
479 3077 593 3138 turgidum
610 3079 660 3124 edd
681 3079 787 3126 Gbreon.
798 3078 880 3126 Lomb.
895 3085 917 3124 et
930 3079 987 3124 alia.
1006 3077 1033 3124 Z.
1060 3079 1096 3124 -20
1112 3077 1279 3126 Acroceraunia

145 3145 199 3192 (ἔστι.
212 3152 233 3190 et
244 3144 307 3191 Fler.
326 3143 395 3190 1482.
419 3142 511 3202 Recepit
524 3143 592 3188 etiam
603 3143 679 3190 Beati.
693 3143 779 3193 Tabae.
794 3145 841 3190 rell.
879 3146 911 3190 30
927 3142 1064 3190 subvectum
1077 3143 1130 3191 t'cd.
1140 3143 1231 3190 Feltria.
1248 3141 1278 3192 C.

144 3208 259 3255 subiectum
270 3206 330 3269 corti.
343 3208 405 3256 Lien.
418 3205 449 3252 G.
481 3208 512 3252 86
524 3203 656 3253 Acherunta
665 3207 700 3252 ed.
711 3207 819 3258 Lembiru
837 3206 865 3254 Ζ.
904 3209 935 3255 87
952 3206 1014 3253 ardui
1025 3207 1104 3254 Beatl.
1121 3221 1147 3253 ee
1157 3207 1225 3255 Mac.
1238 3208 1278 3256 ccci

137 3273 195 3336 secet
208 3274 278 3320 adut.
295 3273 347 3320 tea.
357 3278 379 3318 ct
390 3271 423 3318 L.
435 3273 482 3318 Bos
491 3271 516 3317 it.
527 3272 600 3317 Brod.
613 3269 644 3318 G.
677 3270 739 3318 Libri
758 3272 847 3332 quidam
858 3271 962 3320 Lambini
977 3271 1037 3320 idem
1047 3272 1136 3320 hebent.
1162 3270 1189 3320 Ζ.

149 3437 174 3481 ts
194 3435 252 3489 Vde,
269 3448 330 3480 nunc
343 3432 442 3496 peritum
460 3447 501 3494 pro
518 3433 606 3492 emeret
628 3447 672 3496 quo
704 3432 837 3496 figmentum
852 3449 926 3492 sunm,
942 3434 1052 3489 homines,
1067 3432 1122 3496 igne
1137 3448 1151 3482 e
1166 3435 1214 3482 sole
1229 3450 1278 3482 snr-

124 3500 178 3546 modo
186 3497 279 3554 Ovidius,
293 3499 426 3558 Coelumqtae
438 3498 510 3544 videre
520 3497 599 3545 Jactit.
705 3506 769 3560 septo
784 3499 898 3547 instruxit.
1236 3531 1240 3538 -

105 3607 110 3620 ,
149 3567 175 3610 22
189 3563 330 3610 Dwdebilis
347 3576 409 3608 nunc
428 3560 511 3608 Active
528 3561 615 3617 dicitur,
631 3577 673 3626 pro
736 3566 768 3609 30
785 3564 891 3618 Manem,
902 3563 975 3610 tabem
985 3569 1057 3618 vocat,
1065 3578 1116 3625 qnae
1125 3561 1219 3611 febrium
1227 3578 1278 3626 per-

126 3644 147 3674 eo
159 3628 190 3690 qui
203 3629 255 3674 valet
270 3626 408 3683 diaociare.
705 3634 773 3689 petua
783 3626 830 3674 iere
840 3642 925 3675 comes.

151 3695 177 3738 23
188 3693 259 3754 Impia
268 3699 338 3746 rates,
358 3685 410 3753 quin
426 3695 535 3745 naturam,
552 3705 608 3752 opus
619 3689 672 3746 Dei,
737 3695 769 3738 32
786 3693 826 3739 Ea
841 3693 902 3738 erum
919 3706 966 3738 non
980 3691 1024 3738 uisi
1035 3699 1087 3750 post
1105 3691 1179 3738 mrdte
1196 3691 1279 3740 catula

129 3757 200 3803 violam.
705 3757 872 3813 uenirecolebet.
900 3757 1026 3804 Necessitas
1037 3754 1141 3804 Homero
1152 3751 1279 3821 ἆμιςῦιι-

41 3854 47 3865 .
148 3823 173 3869 24
186 3822 324 3870 Τωηειϊίωιι
346 3833 388 3880 per
410 3825 571 3880 contemptum.
615 3819 674 3865 Nou
705 3822 791 3880 ysaias.

124 3889 212 3948 turgente
226 3901 258 3934 sc.
278 3886 309 3932 ob
329 3882 452 3931 consilium
469 3881 523 3938 Det
546 3883 609 3929 Vada
620 3883 674 3931 lue.
736 3887 769 3931 36
786 3884 899 3946 Siquidem
914 3884 951 3931 hic
967 3890 1015 3931 erat
1030 3899 1089 3930 unns
1113 3897 1142 3930 ex
1161 3883 1277 3932 duodecim

124 3969 174 4002 mm,
706 3948 814 3996 Herculis
824 3949 940 4006 laboribus,
953 3945 1076 3997 Cerberum
1086 3962 1164 3996 canem
1175 3962 1204 3995 ex
1215 3945 1278 3996 Orco

144 4023 168 4067 tt
187 4018 280 4067 Vettium
288 4009 675 4078 aesonideoneiasmuiaanaturu
706 4013 809 4060 educere.
1273 4055 1276 4062 ,

119 4087 199 4133 retitur.
229 4082 263 4130 G.
299 4075 451 4132 Rutatertur
461 4083 551 4131 temere,
562 4083 642 4124 nutura
652 4082 675 4124 et
739 4079 771 4122 4⁰
788 4079 875 4125 Ponere
890 4076 1014 4140 fidutiam
1033 4077 1131 4141 respexit
1149 4074 1279 4125 fulminatos

118 4152 184 4214 legibus
193 4149 235 4197 Dei
251 4142 381 4208 neglectis.
707 4141 820 4204 gigantes.

140 4220 165 4265 27
185 4215 265 4265 Anda
295 4205 380 4268 Inprett'
407 4219 487 4264 genus.
520 4203 675 4260 Prometheus,
