2964 5022
472 293 739 363 CARMINUM
762 293 838 360 Lm.
862 292 890 357 Ι.
914 299 943 362 7.

230 471 407 546 Consmur,
423 479 534 534 tenues
554 467 707 556 grandim
729 467 806 532 dum
820 465 934 552 pudor,

143 591 182 646 10
229 579 438 665 Imbellisque
451 578 529 664 l'yrae
543 601 633 643 musa
646 590 759 664 potens
773 588 858 642 vetat

233 689 363 755 Laudes
377 687 497 776 egregii
514 688 659 766 Caesaris,
679 700 712 754 et
724 700 793 753 tues

365 798 469 882 Culpa
485 796 628 863 deterere
641 798 758 885 ingeni.
804 859 807 868 ,

238 910 320 987 Quis
336 909 476 974 Martem
490 908 598 972 tunice
611 920 729 973 tectum
742 908 942 974 adamantina

238 1020 349 1107 Digne
363 1017 544 1103 scripserit?
564 1030 620 1083 aut
639 1019 767 1103 pulvere
783 1019 901 1086 Troico

156 1142 194 1199 15
239 1131 377 1218 Nigrum
393 1126 586 1194 Merionen?
607 1140 662 1193 aut
674 1151 735 1214 ope
751 1129 889 1195 Palladis

368 1237 535 1324 Tydeiden
549 1238 670 1324 superis
684 1239 817 1325 parem?

240 1351 310 1414 Nos
332 1347 484 1426 oonvhie,
499 1369 557 1412 nos
571 1347 682 1433 praelia
695 1349 862 1436 virginum,

242 1460 343 1524 Sectis
357 1458 390 1521 in
407 1460 540 1544 juvenes
554 1457 713 1544 unguibus
727 1459 857 1537 aerium,

242 1569 416 1632 Cantemus
431 1567 532 1645 vacui,
547 1569 612 1632 sive
627 1567 703 1655 quid
718 1569 849 1648 urimur,

370 1679 447 1742 Non
462 1691 578 1762 praeter
592 1679 717 1745 solitum
731 1679 825 1745 leves.

122 1845 201 1891 9Pase
215 1849 293 1889 tenues
307 1841 377 1902 pmu't
388 1847 509 1900 pmnctum
527 1841 579 1888 MS.
594 1843 684 1888 Berua.
701 1839 730 1890 0.·
779 1845 808 1889 10
825 1851 902 1892 vetant
913 1845 982 1892 MSS.
998 1845 1090 1892 Fabn'c.
1106 1843 1136 1896 C·
1180 1847 1210 1891 rt
1226 1843 1298 1894 Troia

149 1908 203 1969 ooaj.
213 1908 294 1954 Heius.
313 1907 377 1968 qaod
394 1913 510 1966 tanquam
521 1906 635 1966 poeticum
651 1909 731 1966 recepit
745 1908 807 1956 Iani.
824 1908 851 1957 Z.
917 1912 947 1956 17
963 1910 1065 1958 muricia
1082 1909 1140 1972 conj.
1155 1909 1253 1957 Addat&
1267 1913 1299 1958 ad

154 1974 220 2019 Vellei.
230 1973 267 2018 ΙΙ.
286 1974 342 2018 110.
360 1969 391 2019 C.
441 1974 471 2016 18
488 1977 561 2016 sectos
578 1970 636 2032 conj.
655 1971 785 2026 Grmwvias
801 1981 823 2020 et
839 1975 976 2021 stnctisie.
991 1976 1086 2022 amatis
1145 1973 1151 1985 “
1174 1976 1300 2024 Beuum

149 2038 204 2097 mig.
217 2037 314 2083 metm.-
332 2051 393 2082 mam
400 2035 510 2096 praeoisos
519 2035 597 2080 tatem
607 2050 696 2095 ungues
703 2037 790 2096 antehae
799 2039 915 2099 elegams,
930 2046 963 2086 est
972 2039 999 2086 in
1005 2047 1107 2102 marma.
1143 2072 1150 2087 .
1194 2042 1224 2088 19
1239 2040 1300 2101 quod

149 2103 192 2149 edd.
205 2103 312 2150 Glarean.
323 2101 414 2148 Lamb.
425 2107 447 2146 et
457 2102 526 2146 Bart.
553 2099 579 2146 Ζ.

591 2439 710 2523 ODE
742 2441 836 2524 VII.

343 2673 396 2722 AD
413 2673 613 2724 MUNATIUM
630 2675 810 2735 PLANCUM,
832 2677 1079 2728 CONSULAREM.

178 2815 272 2882 Primus¹
279 2829 361 2862 seruas
373 2816 512 2862 Hmanraer
523 2817 651 2866 Heraeam
662 2819 775 2867 secundm
789 2819 927 2866 Tetrameter
939 2818 1058 2873 Heracus,
1066 2832 1106 2866 seu
1114 2816 1239 2866 rtrum

248 2976 471 3042 Laeuinum
484 2978 537 3042 alii
551 2961 667 3043 cleram
685 2979 833 3058 Rhodon,
849 2990 904 3044 aut
918 2977 1106 3065 Mitylenen,

293 3089 364 3152 Aut
376 3088 538 3173 Epheson,
554 3087 720 3154 bimarisve
736 3088 882 3155 Corinthi

253 3197 390 3274 Moenia,
407 3197 455 3262 vel
472 3198 600 3263 Baccho
615 3199 754 3277 Thebas,
770 3199 819 3262 vel
835 3199 985 3284 Apolline
1001 3200 1146 3286 Delphos

297 3309 452 3395 insignes,
475 3320 530 3374 aut
545 3309 698 3374 Thessala
713 3307 853 3394 Tempe:

135 3489 144 3532 1
159 3485 287 3548 Mytilenen
301 3487 361 3534 Gau.
373 3487 438 3534 Flor.
449 3471 543 3535 Locher.
553 3497 576 3535 et
586 3488 685 3535 nummi.
697 3485 775 3547 Mityl.
785 3487 816 3532 ol.
827 3485 859 3532 G.
892 3486 945 3534 Hoc
961 3494 992 3532 est
1003 3487 1136 3534 omueniem
1145 3488 1263 3550 sertitem
1271 3504 1307 3550 gr.

160 3561 180 3599 et
191 3554 236 3598 loeo
247 3551 311 3616 0ψο
321 3552 396 3612 Epist.
415 3555 533 3600 1.11.17.
549 3553 577 3600 Ζ.
608 3556 623 3599 2
641 3551 756 3613 Epheson,
768 3552 821 3597 MS.
840 3553 929 3598 Bersm.
944 3559 965 3598 er
975 3551 1020 3606 att,
1037 3553 1097 3613 qaod
1114 3552 1139 3598 ab
1154 3553 1307 3612 machmam

162 3632 227 3679 quem
235 3624 336 3664 sedatur
346 3617 399 3664 alibi
410 3617 528 3672 Horatius,
545 3618 618 3678 magus
632 3617 738 3677 putruit.-
756 3616 817 3676 vulg.
833 3614 959 3676 Ephesum.
974 3615 1001 3662 Z.
1298 3613 1300 3618 ’

165 3785 192 3828 10
208 3783 312 3838 Imbellis,
329 3783 413 3845 ineptae
428 3783 457 3829 ed
479 3796 569 3828 cannen
588 3780 702 3828 heroicum
770 3783 799 3827 19
816 3779 915 3829 Canture
933 3796 958 3828 se
974 3781 1005 3828 ait
1023 3777 1141 3836 Horatius,
1158 3781 1205 3828 sire
1223 3793 1310 3828 vamur

136 3857 156 3894 et
165 3847 289 3910 umoedias.
321 3848 394 3893 Musa
400 3855 486 3906 potera,
498 3845 600 3903 seculus,
618 3861 668 3907 quae
678 3847 703 3892 ia
735 3845 765 3892 sit
776 3847 803 3892 eb
818 3861 900 3901 amore,
913 3847 960 3892 sive
971 3851 1030 3892 emet
1041 3843 1132 3905 aliquid.

137 3928 169 3958 me
178 3920 216 3966 est,
233 3912 338 3974 poetica:
357 3913 382 3957 in
399 3912 463 3974 cujus
481 3917 594 3973 potestate
610 3911 652 3958 situ
668 3917 704 3958 est
767 3913 798 3956 2⁰
816 3910 901 3957 Sensus
910 3917 960 3958 ests
979 3910 1018 3972 qui
1028 3916 1107 3957 nostro
1118 3925 1182 3957 more
1192 3923 1270 3958 sumus
1281 3908 1310 3956 etl

137 3977 179 4038 lyra
188 3977 287 4024 imbellis.
737 3989 837 4022 emonem
848 3976 966 4038 proclives.

167 4045 189 4088 ll
208 4043 301 4089 Mada
311 4055 355 4103 pro
366 4041 446 4086 merita
457 4047 483 4086 ut
498 4041 557 4102 apud
573 4039 704 4102 Virgilium,

139 4107 228 4153 Sunthie
238 4108 308 4153 atram
317 4121 362 4153 sua
371 4107 469 4166 maemia
479 4105 549 4152 hattdi.
645 4119 649 4128 ·
947 4103 1020 4151 ODE
1037 4102 1099 4152 VII.
1302 4130 1304 4134 ·

166 4174 191 4218 12
208 4173 280 4232 Chdpa
292 4171 316 4219 d.
331 4173 381 4231 ing.
397 4170 412 4217 i.
424 4185 444 4216 e.
454 4169 605 4217 imbecillitate
620 4169 706 4231 ingenii
774 4169 912 4228 lepterea
924 4171 1013 4216 chrum
1024 4170 1085 4230 qaod
1092 4168 1131 4214 sali
1139 4168 1273 4228 amposta,
1285 4169 1312 4214 de

139 4234 256 4284 inminuere
265 4246 288 4284 et
299 4243 433 4283 extenuare.
738 4249 785 4294 qua
795 4242 816 4279 et
828 4235 933 4296 Laer'lius
948 4235 979 4280 sic
994 4235 1042 4279 ait:
1064 4233 1211 4293 Carpathium
1223 4233 1313 4279 umam

165 4303 190 4347 13
205 4303 312 4349 Adamas
329 4315 378 4346 nun
396 4301 470 4346 solum
482 4299 510 4346 de
527 4299 600 4362 lepide
618 4298 705 4354 dicitur,
738 4299 764 4345 ia
771 4299 866 4358 pelagia
876 4299 971 4344 inclinat
981 4304 1093 4358 apertum.

138 4381 202 4412 raum
212 4368 280 4415 etiem
292 4367 323 4414 de
340 4365 423 4412 durato
438 4363 505 4420 ferro,
521 4379 551 4412 ex
566 4379 611 4426 quo
621 4363 706 4411 laricae.
770 4364 786 4408 4
803 4363 894 4409 Peneus
901 4363 997 4426 perfluit
1009 4363 1098 4421 Tempu,
1110 4373 1162 4423 qua
1169 4361 1314 4422 permeare

138 4427 257 4493 'Mirtum
269 4431 327 4483 anis
339 4425 434 4492 effingas.
741 4427 849 4475 ossamet
859 4427 1129 4489 Olympntmlongitudt'ne
1135 4427 1235 4489 quinque
1242 4425 1311 4473 milla.
