2954 5022
191 327 254 389 996
486 363 491 374 -
546 323 587 400 Q.
613 315 820 390 Horam
845 314 1023 387 FLACCI'

298 489 300 494 ’
323 494 494 580 Impositus
509 489 643 576 mannis,
659 516 768 561 arvum
784 497 960 580 caelumque
978 491 1128 559 Sabinum
1207 489 1212 504 “

238 641 243 648 -
324 602 400 667 Non
414 619 515 670 cessat
528 606 667 673 laudare.
712 609 796 675 videt
811 607 953 693 ridetque
970 602 1158 688 Philippus:

250 770 255 777 .
325 711 369 776 Et
383 714 442 778 sibi
457 716 533 780 dum
548 719 698 804 requiem,
715 719 790 782 dum
805 717 886 781 risus
901 715 1039 800 undique
1053 709 1177 798 quaerit,

239 829 280 886 80
323 821 414 887 Dum
429 840 549 911 septem
565 826 662 893 donat
676 829 827 906 sestertia,
843 839 953 891 mutua
967 837 1087 910 septem

326 931 494 1015 Promittit,
510 939 679 1023 persuadet
696 937 739 1002 uti
754 951 910 1002 mercetur
925 935 1070 1022 agellum.

328 1043 501 1110 Mereatur.
544 1071 585 1113 ne
599 1063 631 1114 te
644 1048 747 1135 longis
762 1047 945 1134 ambagibus
960 1045 1043 1109 ultra

328 1137 434 1231 Quam
450 1135 523 1222 satis
538 1173 585 1224 est
599 1181 713 1234 morer,
729 1179 770 1222 ex
785 1147 885 1222 nitido
899 1157 935 1220 fit
950 1155 1093 1232 rusticus,
1110 1148 1203 1240 atque

328 1265 438 1330 Sulcos
453 1281 485 1332 et
499 1269 602 1334 vineta
615 1281 723 1354 crepat
736 1288 833 1346 mera,
847 1279 1007 1353 praeparat
1021 1266 1133 1342 ulmos,
1149 1267 1152 1276 ⁴

240 1382 280 1439 85
327 1375 510 1443 Immoritur
524 1380 644 1457 studiis,
661 1392 693 1444 et
706 1402 813 1444 amore
828 1379 961 1444 senescit
974 1375 1121 1441 habendi.

327 1470 448 1552 Verdm
463 1489 517 1552 ubi
532 1513 605 1554 oves
621 1490 714 1568 furto,
731 1490 842 1553 morbo
856 1477 977 1573 periire
992 1485 1131 1572 capellae,
1222 1575 1225 1580 1

241 1621 245 1634 ¹
326 1597 421 1680 Spem
437 1600 567 1664 mentita
581 1623 680 1686 seges,
696 1600 753 1663 bos
769 1613 816 1664 est
829 1605 956 1663 enectus
971 1596 1110 1673 arand03

327 1707 475 1780 Offensus
490 1709 624 1787 damnis,
640 1687 743 1774 medii
758 1709 798 1774 de
812 1723 903 1774 nocte
918 1707 1074 1772 caballum

327 1818 460 1903 Arripit,
476 1820 635 1906 iratusque
651 1820 791 1904 Philippi
805 1816 906 1884 tendit
920 1818 960 1882 ad
975 1817 1070 1884 aedes.
1142 1803 1147 1814 ¹

243 1937 284 1992 90
329 1926 434 2003 Quem
450 1928 543 1992 simul
557 1929 679 2018 aspexit
693 1927 839 1994 scabrum
854 1929 1075 2015 intonsumque
1092 1928 1268 2014 Philippus,

55 2034 241 2128 Philippus.
309 2015 652 2118 ⁴‘Di1rus,''ait,“Vultei‚
667 2011 759 2103 nimis
774 2051 972 2126 attentusque
986 2035 1101 2103 videris

72 2155 198 2216 Menae
303 2127 406 2211 “Esse
420 2143 520 2232 mihi?
534 2143 621 2228 “Pol,
637 2171 688 2214 me
702 2151 861 2228 miserum,
877 2162 1018 2234 patrone,
1034 2169 1172 2228 vocares,

299 2245 316 2286 “
329 2258 363 2324 Si
377 2249 487 2336 velles','
498 2253 734 2346 inquit‘iterum
750 2259 826 2324 mihi
840 2281 959 2346 ponere
973 2280 1099 2323 nomen.

299 2351 316 2390 “
325 2353 423 2444 Qudd
438 2380 469 2432 te
483 2391 541 2454 per
557 2369 707 2448 Genium,
722 2371 939 2455 dextramque,
954 2369 1092 2456 deosque
1109 2369 1243 2434 Penates
1322 2368 1330 2418 Γ

245 2485 285 2542 95
304 2459 474 2543 “Obsecro
488 2492 520 2543 et
534 2478 682 2558 obtestor,
700 2481 771 2544 vitae
786 2501 837 2544 me
851 2478 948 2543 redde
962 2480 1071 2564 priori.
1080 2461 1100 2497 '¹

249 2647 252 2652 Δ
328 2591 363 2678 ql
381 2587 448 2663 Qui
463 2589 559 2652 semel
574 2590 696 2674 aspexit
709 2601 861 2676 quantum
876 2588 1005 2652 dimissa
1018 2589 1124 2674 petitis

330 2699 496 2776 Praestent,
512 2681 633 2762 mature
648 2698 765 2776 redeat,
781 2713 963 2785 repetatque
978 2700 1096 2763 relicta.

330 2809 440 2874 Metiri
455 2832 488 2876 se
502 2831 659 2895 quemque
673 2831 731 2872 suo
742 2808 871 2873 modulo
886 2831 923 2873 ac
936 2809 1029 2894 pede,
1044 2831 1153 2874 verum
1168 2825 1225 2875 est.

199 2976 230 3057 aa
246 3025 331 3072 ponere
345 3009 426 3070 prosa
444 3011 512 3056 aaa
531 3010 614 3056 uam.
630 3011 661 3055 aa
674 3008 736 3056 aaa.
751 3011 808 3057 raa
824 3012 847 3055 s.
864 3013 903 3058 rs.
937 3011 973 3056 aa
990 3017 1012 3056 a
1030 3009 1146 3057 tama
1160 3013 1239 3068 aaa,
1255 3013 1295 3060 aa
1310 3012 1384 3060 aare

534 3076 588 3121 Ven.
602 3073 665 3121 Gur.
768 3077 800 3120 96
817 3074 887 3120 semel
897 3075 965 3121 etiam
976 3076 1055 3122 aaut.

198 3261 213 3296 s
240 3245 342 3296 Consule
362 3249 462 3296 solebant
480 3247 547 3295 iudici
567 3263 606 3295 seu
625 3248 728 3309 imperari
747 3249 775 3295 sd
840 3248 956 3304 Aetatem,
967 3250 1055 3297 deditus
1066 3251 1125 3297 curis
1136 3257 1159 3298 et
1171 3251 1203 3298 rei
1213 3250 1333 3299 facienda.

200 3319 391 3374 tempuscertum.
840 3317 871 3360 99
889 3313 973 3361 Plebeii
992 3315 1118 3362 Patronum
1135 3331 1201 3377 quem
1217 3315 1257 3362 sibi
1276 3316 1383 3364 volebant

232 3381 265 3425 7¹7
283 3379 380 3426 Mennis
386 3390 395 3435 ,⁶
412 3377 494 3425 baricis
505 3378 632 3424 trahebatur
643 3377 718 3425 rheda.
807 3378 898 3438 antiqua
908 3379 960 3441 lege
971 3379 1104 3442 deligebant.

232 3445 264 3489 'ts
287 3443 356 3499 Videt,
367 3441 480 3504 intelligit,
840 3446 872 3488 93
890 3443 978 3489 Ponere
984 3465 993 3498 ,·
1006 3445 1084 3490 ditm

231 3510 265 3554 79
282 3509 400 3569 Requs‘em,
419 3506 541 3553 Materiam
564 3521 589 3554 se
611 3506 734 3553 oblectandi
753 3514 777 3553 et
841 3508 872 3553 at
892 3509 957 3560 Quod
967 3515 1003 3562 te,·
1022 3508 1058 3556 Hs
1067 3507 1113 3556 duo
1128 3523 1205 3556 versu
1218 3524 1234 3554 s
1245 3509 1320 3558 Mersa
1329 3509 1382 3558 Plo'·

201 3572 324 3620 recreandi.
807 3571 865 3630 lippo
884 3579 939 3618 sunt
960 3573 1020 3627 dicti,
1041 3580 1062 3620 et
1084 3573 1113 3618 ab
1135 3574 1232 3620 Horatia
1253 3573 1381 3622 Mammi-
1463 3579 1464 3590 ¹

233 3641 266 3682 80
284 3636 374 3699 Septem
385 3635 454 3682 millia
465 3635 601 3682 sestertium.
810 3633 854 3680 Per
867 3634 966 3682 Genium
983 3637 1067 3684 domini
1078 3645 1102 3684 et
1111 3638 1199 3700 patroni
1206 3640 1314 3702 jurabant
1324 3637 1380 3688 servi
1463 3647 1464 3652 ’

233 3701 265 3746 at
284 3703 366 3761 Crepat
379 3716 460 3756 mem
477 3701 509 3746 nil
520 3701 562 3747 uisi
579 3699 660 3755 vineta,
676 3699 726 3746 loca
742 3699 776 3745 vi-
808 3707 831 3745 et
842 3699 942 3747 clientes.

97 3760 99 3764 ’
200 3765 460 3826 tibusobsitaloquitur.
840 3766 871 3810 98
889 3765 1000 3812 Modrdus
1017 3781 1057 3828 pes
1076 3767 1165 3830 ligneus
1183 3775 1224 3823 est,
1241 3769 1290 3816 sive
1304 3768 1379 3816 sonna.

238 3831 322 3884 Ulmus,
334 3831 362 3876 ad
373 3829 508 3877 maritandas
519 3829 584 3875 vites.
809 3825 864 3874 Huc
891 3828 951 3884 facit,
973 3829 1120 3878 Proverbium
1138 3831 1254 3890 Graecum,
1274 3833 1310 3886 Mla
1328 3829 1379 3895 lei(
1462 3829 1463 3884 i

232 3898 264 3942 85
282 3896 392 3950 Seaesa't‚·
405 3894 529 3950 conficitur,
541 3899 672 3940 maceratur.
808 3889 866 3940 πόδα
877 3892 903 3940 cl
915 3889 1024 3954 laetlnpa.
1462 3899 1463 3904 ’

231 3963 263 4006 88
282 3960 406 4016 Cuballum,
418 3975 501 4021 equum
513 3960 626 4004 rusticum.
846 3959 930 4006 Verum
941 3975 1031 4020 aequum
1042 3967 1080 4008 aut
1091 3967 1185 4008 rectum.

233 4027 262 4070 91
281 4025 383 4080 Duram
399 4025 501 4073 addictus
517 4023 593 4079 labori,
611 4037 653 4069 uec
672 4020 711 4068 tibi
727 4037 778 4084 par-

200 4105 255 4137 csns
265 4090 326 4153 quud
337 4091 391 4138 satis
402 4097 443 4138 est.
