2972 5020
170 313 234 370 280
536 307 578 382 Q.
603 297 1006 372 HORAT11.FLacc1

111 467 233 554 dicta.
266 445 282 475 a
299 484 322 556 11
340 477 414 566 Ipsa
429 499 551 543 mernor
565 469 725 565 praecepta
739 499 871 554 canam3
893 449 1045 540 celabitur
1059 483 1201 558 auctor..
1244 492 1250 498 ’

263 565 281 596 ⁸
301 589 416 677 Longa
430 588 543 676 quibus
558 589 652 654 facies
667 589 734 654 ovis
750 589 826 666 erit,
835 585 889 650 illa
903 596 1074 662 memento,

262 683 280 714 “
303 699 351 766 Ut
365 700 450 764 succi
465 699 613 777 melioria,
630 713 661 764 et
676 711 711 764 ut
725 698 824 786 magis
839 697 921 762 alma
936 692 1079 760 rotundis

191 822 198 836 ‘
260 790 277 822 “
301 811 446 876 Ponere:
469 831 605 897 namque
620 831 739 874 marem
754 808 903 874 cohibent
916 805 1032 870 callosa
1046 800 1212 886 vitellum„

219 904 279 986 15⁰
304 919 383 986 Cole
398 919 590 996 suburbano,
607 919 661 1005 qui
676 918 765 982 siccis
780 918 879 982 crevit
892 917 925 980 in
940 915 1024 1002 agris

259 1014 278 1054 a
299 1030 452 1105 Dulcior3
475 1028 596 1116 irriguo
610 1027 687 1090 nihil
703 1039 750 1092 est
764 1026 878 1092 elutius
892 1025 996 1090 hort0.

262 1121 280 1156 Ι(
304 1141 339 1206 Si
353 1139 548 1225 vespertinus
564 1122 669 1202 subito
683 1151 713 1202 te
728 1138 920 1223 oppresserit
932 1137 1059 1222 hospes,

263 1241 282 1279 “
301 1251 353 1315 Ne
367 1250 484 1337 gallina
498 1249 616 1314 malum
630 1260 795 1333 responset
808 1247 889 1311 dura
903 1247 1020 1332 palat0,

267 1345 285 1386 “
300 1361 425 1426 Doctus
440 1360 502 1425 eris
516 1360 618 1424 vivam
633 1358 726 1422 misto
740 1379 877 1422 mersare
893 1356 1029 1422 Falerno
1037 1377 1047 1432 ;

215 1441 283 1535 20«
303 1470 378 1535 Hoc
392 1483 532 1535 teneram
547 1468 647 1534 faciet.
693 1467 895 1532 Pratensibus
911 1468 1029 1552 optima
1043 1463 1148 1549 fungis

264 1556 284 1602 l(
302 1582 425 1646 Natura
439 1595 504 1644 est:
527 1577 595 1644 aliis
610 1563 853 1642 male‘creditur.
900 1576 958 1640 llle
973 1573 1113 1641 salubres

252 1669 287 1726 ·“
302 1691 443 1756 AEstates
459 1701 598 1776 peraget,
614 1687 669 1774 qui
684 1687 781 1772 nigris
796 1686 930 1772 prandia
944 1685 1041 1750 moris

267 1775 289 1813 ⁰
305 1802 419 1879 Finiet,
435 1812 507 1864 ante
521 1819 650 1886 gravem
665 1819 737 1883 quae
750 1796 861 1884 legerit
874 1795 988 1860 arbore
1002 1794 1111 1860 solem.

261 1896 281 1937 “
303 1911 451 1976 Aufidius
465 1909 539 1973 forti
554 1907 704 1972 miscebat
718 1906 812 1972 mella
829 1905 975 1984 Falerno,
993 1909 997 1916 “

217 2006 279 2087 254
303 1997 465 2085 Mendosri
472 2043 480 2095 3
503 2017 652 2104 quoniam
668 2016 773 2080 vacuis
788 2015 982 2080 committere
999 2015 1085 2079 venis

259 2116 280 2152 “
302 2129 358 2194 Nil
372 2128 433 2192 nisi
447 2128 517 2192 lene
531 2127 641 2192 decet:
664 2125 727 2190 leni
742 2126 917 2212 praecordia
926 2125 1041 2211 mulso

262 2224 283 2264 “
303 2238 464 2308 Prolueris
479 2217 600 2302 melibs.
646 2236 679 2300 Si
694 2235 775 2300 dura
789 2235 962 2300 morabitur
977 2234 1075 2314 alvus,

262 2336 280 2376 ‘⁸
304 2347 443 2447 Q
455 2364 486 2412 et
500 2347 576 2411 viles
591 2345 709 2431 pellent
723 2344 878 2410 obstantia
892 2345 1034 2424 conchae,

263 2440 279 2481 l
303 2458 347 2522 Et
358 2455 600 2548 lapatlribrevis
615 2455 723 2532 herba,
740 2454 795 2519 sed
810 2455 882 2519 albo
897 2477 961 2518 non
977 2455 1044 2519 sine
1061 2454 1140 2520 Coo.

218 2553 283 2634 30⁰
304 2567 443 2632 Lubrica
457 2575 620 2632 nascentes
635 2563 767 2650 implent
781 2564 945 2650 conchylia
958 2563 1053 2629 lunae.

266 2671 281 2708 “
303 2677 367 2742 Sed
382 2700 447 2742 non
462 2700 556 2742 omne
571 2697 658 2740 mare
672 2687 720 2741 est
733 2697 896 2762 generosae
910 2673 1010 2740 fertile
1025 2687 1124 2740 testae.

177 2904 206 2948 18
223 2901 282 2948 alma
299 2915 325 2947 er
346 2900 405 2964 cmrj.
425 2901 503 2948 Bentl.
520 2900 565 2946 alta
583 2899 642 2962 conj.
662 2901 723 2947 Cun.
750 2901 799 2946 alba
809 2901 868 2960 vulg.
977 2903 1007 2946 15
1030 2899 1094 2946 caule
1112 2901 1163 2948 edd
1181 2911 1233 2951 vett.
1251 2913 1273 2951 et
1285 2905 1366 2952 Bentl.

211 2969 241 3012 19
258 2965 330 3012 mixto
344 2966 373 3012 G.
384 2965 455 3014 multo
465 2966 550 3011 Laudi.
561 2973 636 3010 musto
644 2965 721 3010 Berul.
729 2965 796 3010 misto
806 2965 866 3024 vulg.
930 2967 961 3011 28
981 2961 1075 3010 Petulus
1086 2971 1109 3011 et
1120 2965 1196 3012 dulces
1204 2970 1256 3015 Sar.
1265 2968 1367 3016 Mitulus

212 3031 241 3076 G.
258 3029 362 3092 lllugr'lus
374 3032 437 3078 Flac.
451 3031 520 3077 lasa.
552 3029 588 3076 Sic
599 3030 662 3088 arud
679 3032 755 3076 Serra.
770 3025 862 3076 Samon.
874 3044 896 3075 r.
906 3030 961 3076 234.
992 3029 1032 3075 ubi
1046 3028 1145 3090 refertur
1159 3032 1195 3078 hic
1209 3047 1293 3088 verna,
1307 3033 1365 3080 Mu-

208 3094 345 3158 gilissucrat
356 3095 381 3142 ia
391 3095 459 3148 eddis,
472 3095 551 3140 uuna
561 3109 587 3140 eu
598 3093 666 3140 MSS.
676 3094 798 3153 reposr'tunt
810 3093 916 3141 lllitulus.
1012 3095 1044 3140 29
1057 3091 1116 3142 Chio
1133 3094 1160 3142 Z.

211 3261 243 3307 12
259 3259 359 3314 Faciem
375 3256 454 3310 forma,
471 3255 552 3318 figura.
820 3260 851 3304 21
870 3257 934 3303 Male
952 3257 1058 3312 medetur,
1075 3256 1146 3306 sicet
1162 3257 1289 3323 Virgilian
1307 3261 1367 3310 Non

209 3324 247 3370 Aa
258 3324 302 3369 ouis
314 3323 385 3383 eoeprit,
396 3323 468 3376 idest,
480 3319 581 3368 abieritis
593 3333 668 3367 aare.
788 3322 843 3368 berre
853 3322 909 3381 ripen
922 3321 1033 3368 Creditur.

207 3389 243 3434 ,lt
262 3389 357 3441 Ponere,
366 3401 494 3448 apponere„
821 3389 853 3433 23
874 3387 977 3440 (lerum
990 3391 1047 3432 aestu
1059 3384 1111 3432 dicit
1122 3387 1250 3434 molestum.

211 3449 757 3508 cobibentcaastriupunturalecolribcredicitur
820 3452 852 3496 at
869 3451 993 3505 Meneta,
1010 3450 1127 3498 cauditum
1145 3453 1173 3498 de
1192 3454 1293 3501 Falerno
1309 3453 1367 3502 ,aino

176 3517 270 3577 gallina,
282 3517 371 3571 licceat,
383 3513 503 3578 confovere.
551 3515 634 3560 Caldam
652 3513 691 3560 illa
708 3514 757 3574 ipsa
778 3514 889 3579 sedebat.

178 3581 296 3636 malecula,
313 3595 357 3642 qua
374 3580 428 3642 pulli
442 3578 538 3625 stamina
551 3578 660 3624 contineri
675 3585 757 3641 putan-
820 3582 851 3626 25
869 3578 993 3632 Menelaus,-
1010 3577 1130 3640 imperite:
1155 3581 1286 3629 Falernum
1304 3584 1368 3630 esum

181 3654 226 3693 tur.
788 3650 836 3690 erat
846 3651 970 3697 ansteum,
985 3651 1007 3689 ct
1022 3659 1070 3689 uon
1080 3645 1168 3692 deutur
1179 3647 1223 3692 nisi
1232 3645 1306 3695 mollis
1320 3649 1368 3695 alni

213 3712 241 3756 15
260 3709 362 3764 Calabra
369 3715 409 3762 est,
420 3707 495 3760 caule,
506 3707 605 3752 utclode
611 3721 655 3767 pro
669 3707 756 3762 claude,
789 3705 1008 3768 emauumjejunua
1016 3715 1116 3766 gustam.

179 3775 258 3823 mrices
273 3788 316 3832 prro
332 3774 437 3825 saunces,
453 3773 508 3817 coda
522 3785 565 3830 pro
581 3773 663 3818 cauda.
821 3773 852 3818 26
869 3772 934 3818 Lena
945 3771 1050 3833 estquod
1061 3779 1164 3820 ventrem
1180 3773 1241 3832 lenit,
1253 3775 1276 3824 h.
1286 3791 1308 3825 e.
1320 3792 1365 3824 uon

214 3841 244 3886 16
261 3839 372 3893 Elatiae,
397 3837 508 3899 aquatius,
527 3836 660 3890 dissolutius,
679 3836 758 3883 minus
788 3843 911 3884 austerum.

181 3904 294 3965 torridum.
822 3901 952 3947 Proecordc'u
970 3900 1037 3946 modo
1056 3901 1205 3949 ventriculum
1222 3903 1282 3960 dicit,
1299 3921 1366 3968 quem

213 3970 243 4015 17
262 3966 403 4027 Oppresscrit,
419 3981 445 4011 ea
457 3963 573 4022 imrrroaiao
583 3964 706 4011 aduenerat.
788 3971 812 4011 et
823 3965 906 4026 vulgus
917 3981 957 4011 cor
967 3965 1079 4026 appellnt,

213 4035 242 4079 18
260 4032 354 4078 Malum
373 4035 505 4089 renuatur
527 4029 549 4073 h.
571 4043 591 4074 e.
612 4029 687 4074 minus
709 4029 756 4090 pla·
821 4030 1365 4092 dlulsrrmestcomma'atrbaquoepuroeetmedis.

179 4096 365 4158 ceat3ingratior
375 4094 442 4140 fuerit
450 4099 473 4139 et
481 4107 521 4153 per
532 4092 575 4138 boc
583 4092 710 4140 frustretur.
820 4096 852 4140 28
872 4093 906 4141 Ut
925 4093 1007 4140 Latine
1026 4109 1039 4140 a
1061 4093 1118 4140 Mus
1139 4094 1165 4140 lit
1187 4095 1316 4154 Masculus,
1337 4101 1367 4146 ita

212 4163 243 4207 19
260 4162 368 4214 Mersare,
394 4160 443 4204 vult
460 4155 576 4203 admisceri
597 4155 717 4204 Falernum
735 4158 756 4204 ei
790 4157 873 4205 Graece
885 4156 981 4210 Μύτιλος
996 4175 1009 4204 a
1025 4157 1069 4210 ut,
1086 4158 1177 4204 formari
1192 4161 1296 4209 videtur:
1316 4165 1368 4211 vales

180 4239 251 4286 squar,
262 4224 285 4269 in
297 4240 341 4284 qua
351 4223 468 4270 mersunda
479 4227 513 4266 est
521 4221 611 4282 gallina.
788 4230 863 4270 autem
881 4225 976 4270 coercitus
994 4223 1087 4276 tellinas,
1103 4224 1210 4285 pectines,
1229 4227 1327 4285 chamas,
1345 4237 1367 4276 et

211 4292 242 4335 20
260 4290 420 4343 Pratensuua,
449 4291 512 4349 prata
539 4286 562 4332 in
587 4285 630 4333 illis
657 4287 756 4349 partibus
787 4288 892 4334 cochleas
903 4288 1013 4350 appellare
1025 4288 1118 4335 ridetur.

180 4368 225 4400 uon
238 4359 290 4400 sunt
302 4353 413 4416 uliginosa
424 4353 456 4401 uti
468 4357 551 4398 nostra.
819 4355 852 4398 29
870 4351 924 4398 Non
944 4353 1012 4398 breuis
1030 4353 1102 4408 lierda,
1127 4353 1166 4401 sed
1187 4355 1256 4401 drcar‘s
1275 4357 1366 4416 inludi,

791 4417 922 4479 Osyluprtbr'
931 4418 1019 4464 reddet.
