2954 5022
176 315 238 373 360
444 257 454 414 'v
519 312 560 387 Q.
585 310 792 380 HORATII
817 312 987 378 FLACCI

297 451 393 558 ,Ciuu
409 493 456 546 tot
469 483 622 548 sustineas
636 495 669 548 et
682 494 769 548 tauta
782 483 909 570 negotia
923 483 1020 562 solus,

308 589 373 654 Res
390 591 485 656 Italas
499 592 594 657 armis
609 592 728 670 tuteris,
744 592 884 657 moribus
899 615 1002 671 ornes,

310 699 451 787 Legibus
466 702 633 779 emendes3
656 703 688 765 in
703 703 829 786 publica
843 701 1009 768 commoda
1022 723 1163 788 peccem,

309 810 344 875 Si
358 792 460 898 longo¹
471 834 615 878 sermone
630 824 803 878 morertua
816 825 969 899 tempora,
987 811 1105 876 Caesar.
1120 859 1121 864 η

244 928 263 985 5
309 920 476 1000 Romulus,
492 933 524 987 et
539 922 637 987 Liber
651 934 750 1007 pater,
766 935 885 987 etcum
901 923 1033 987 Castore
1049 919 1177 997 Pollux,

311 1029 390 1095 Post
405 1033 544 1119 ingentia
556 1031 638 1096 facta
651 1029 784 1108 deorum
799 1032 963 1116 intemplo
977 1031 1104 1115 recepti,

307 1140 398 1206 Dum
413 1153 512 1206 terras
527 1141 752 1229 hominumque
766 1142 874 1206 colunt
887 1163 997 1227 genus,
1013 1161 1124 1226 aspera
1137 1137 1224 1202 bella

299 1250 525 1335 Componunt,
541 1273 634 1338 agros
649 1253 818 1338 assignant,
834 1250 951 1336 oppida
965 1249 1124 1324 condunt;

309 1349 479 1425 Ploravdre
493 1360 557 1425 suis
572 1382 637 1424 non
652 1361 843 1447 respondere
856 1361 995 1425 favorem

227 1481 265 1535 10
312 1471 480 1557 Speratum
495 1471 623 1535 meritis.
667 1471 768 1536 diram
783 1472 837 1558 qui
852 1468 995 1534 contudit
1011 1466 1172 1553 Hydram,

310 1580 457 1668 Notaque
471 1580 556 1650 fatali
571 1592 717 1665 portenta
730 1581 838 1644 labore
853 1579 986 1666 subegit,

314 1690 478 1774 Comperit
492 1689 641 1754 invidiam
657 1688 807 1775 supremo·
818 1691 882 1755 fine
896 1688 1027 1754 domari.

313 1800 390 1865 Urit
403 1801 487 1864 enim
501 1801 624 1887 fulgore
639 1822 706 1878 suo,
723 1801 778 1886 qui
791 1812 970 1887 praegravat
983 1804 1071 1862 artes

312 1911 399 1976 Infra
413 1934 446 1975 se
460 1911 597 1996 positas:
621 1911 776 1975 eirtinctus
791 1909 947 1974 amabitur
960 1908 1054 1972 idem.
1126 1938 1136 1954 ·

228 2031 268 2088 15
312 2021 465 2086 Praesenti
480 2021 536 2085 tibi
550 2033 691 2085 maturos
704 2021 857 2106 largimur
871 2020 1018 2097 honores,

310 2131 331 2196 J
334 2131 529 2219 orandasque
544 2143 633 2197 tuum
647 2153 705 2216 per
718 2153 835 2194 nomen
849 2131 997 2217 ponimus
1010 2153 1090 2208 arae,

316 2241 371 2306 Nil
386 2241 540 2305 oriturum
554 2228 640 2319 aliis,
656 2241 700 2304 nil
715 2254 819 2306 ortum
835 2241 895 2306 tale
910 2242 1050 2306 fatentes.

314 2349 378 2416 Sed
391 2361 464 2414 tuus
478 2351 530 2414 hic
544 2351 691 2436 populus,
708 2352 831 2436 sapiens
845 2365 877 2415 et
885 2353 989 2437 justus
1004 2352 1037 2414 in
1051 2374 1128 2430 uno,

313 2459 362 2524 Te
377 2461 493 2526 nostris
506 2461 650 2538 ducibus,
666 2473 697 2524 te
713 2461 819 2526 Graiis
834 2461 1046 2538 anteferendo,

228 2579 270 2636 20
315 2569 439 2635 Caetera
453 2592 650 2658 nequaquam
666 2571 758 2634 simili
772 2572 893 2636 ratione
907 2571 1066 2656 modoque
1116 2629 1117 2632 ,

316 2681 475 2758 AEstimat,
491 2694 532 2760 et,
548 2682 609 2744 nisi
623 2703 694 2766 quae
709 2683 800 2745 terris
816 2694 934 2746 semota
949 2681 1074 2768 suisque

317 2792 528 2875 Temporibus
543 2791 688 2856 defuncta
703 2791 796 2867 videt,
812 2790 932 2854 fastidit
943 2801 974 2853 et
988 2789 1075 2864 odit;

187 3010 335 3052 lmstentes
359 3003 419 3052 Con.
495 3002 610 3048 21uesris
627 3001 652 3048 in
670 3003 730 3048 libris
745 3003 828 3062 aliquot
844 3009 894 3046 vett.
912 2999 1021 3046 Lombim
1060 3001 1172 3046 moenibus
1188 3005 1271 3063 raqu'c.
1291 3008 1370 3052 Berul.
1469 2993 1470 3074 ]

216 3067 242 3134 [†
254 3071 303 3122 Sed,
321 3081 357 3113 res
368 3065 438 3113 Italas
449 3066 523 3112 ornari
534 3067 652 3115 moenibus.
665 3068 776 3126 putidum
786 3081 831 3112 esse
840 3073 919 3111 ernon
937 3064 1096 3110 Horatianum
1110 3069 1250 3124 pumuntur
1268 3071 1369 3116 castuli

215 3136 247 3182 ad
258 3134 365 3186 Modum.
383 3130 503 3190 Amyron.
519 3145 544 3190 p.
557 3133 611 3176 185.
624 3132 650 3176 in
666 3130 789 3191 Antiquitt.
808 3127 893 3192 Asina]
990 3127 1069 3174 afara
1086 3131 1144 3192 conj.
1155 3132 1232 3178 Bentl.
1251 3141 1273 3180 er
1290 3135 1322 3180 ric
1340 3138 1363 3181 S.

216 3197 342 3246 ssorruant
355 3197 414 3243 Con.
491 3197 520 3240 16
537 3209 621 3241 numen
633 3197 848 3244 Barettc'umdun.
927 3194 955 3238 la
972 3193 1254 3246 hocBentl.ruunocod.
1270 3199 1369 3262 affertur
1469 3263 1470 3270 ἵ

218 3265 262 3311 hoe
277 3263 309 3308 od
319 3275 371 3315 uno,
383 3263 404 3307 ὴ.
416 3273 435 3305 e.
446 3260 469 3306 in
481 3260 521 3306 hac
534 3275 578 3306 una
595 3274 627 3306 re.

402 3433 508 3482 EPIST.
525 3434 545 3480 1.
828 3439 854 3480 11
873 3435 968 3490 aarum
984 3433 1069 3480 allatis
1080 3435 1101 3480 ei
1115 3436 1230 3496 imperato,
1243 3438 1311 3486 Fatis
1320 3442 1366 3488 Ja-

188 3513 189 3516 ’
220 3503 365 3552 lautomas
383 3507 414 3546 tor
432 3500 537 3559 negotia,
555 3507 589 3545 tot
608 3513 700 3546 munera
717 3500 760 3544 im·
792 3499 959 3560 mrsisioiquoe.
992 3498 1102 3560 Virgilius
1113 3499 1169 3546 AEn.
1182 3503 1270 3549 1.668.

186 3571 258 3633 pleesr
272 3580 377 3614 eumuna
387 3579 482 3626 persona
493 3569 528 3610 tot
538 3579 644 3625 personas
655 3578 728 3625 geras.
827 3566 855 3609 12
873 3565 981 3622 duprenw
989 3563 1060 3626 firm,-
1077 3572 1157 3610 morte.
1344 3598 1346 3606 ,

218 3637 234 3682 2
252 3631 370 3678 Moribus:
389 3629 442 3675 vitae
454 3635 499 3674 tuae
507 3629 609 3689 puritate.
826 3629 855 3673 13
874 3628 1022 3686 Proegrova15
1035 3642 1103 3674 onere
1110 3643 1153 3674 suo
1159 3627 1263 3690 deprimit
1271 3633 1366 3681 etcelnt.

219 3695 356 3755 Magium,
379 3693 437 3740 iuter
456 3699 549 3739 caeteras
567 3691 631 3754 Lege
652 3690 714 3739 Julia
732 3692 760 3738 de
825 3690 872 3744 Qui
891 3691 987 3738 artifices
1006 3705 1031 3738 se
1048 3691 1164 3739 inferiores
1178 3709 1220 3740 sua
1237 3697 1367 3755 praeeuntia
1469 3681 1470 3690 ἵ

187 3760 318 3815 Adulteriis,
336 3765 403 3819 atque
419 3757 488 3804 altera
499 3757 527 3803 de
542 3755 676 3803 Marianus
692 3755 761 3802 Ordi-
791 3755 956 3816 quodammodo
967 3762 1046 3802 onerat
1056 3763 1080 3802 et
1090 3757 1202 3819 opprimit.

189 3828 262 3876 „qm
826 3823 856 3866 15
872 3821 978 3868 Maturus
983 3842 993 3875 ,·
1006 3835 1056 3868 sero
1063 3821 1276 3871 lrudrmurmortui.
1300 3825 1365 3872 Alio·

219 3894 236 3938 6
251 3891 359 3938 Deorum
374 3887 399 3934 in
414 3886 496 3945 templo
511 3885 609 3945 recept&
628 3884 651 3930 in
669 3884 759 3938 coelum,
781 3899 842 3930 ,rum
854 3885 951 3931 honores
961 3886 1117 3932 mansuetem
1127 3894 1151 3934 et
1164 3886 1239 3948 dupli
1253 3889 1365 3953 uedpiunt

189 3963 263 4019 etper
274 3955 317 4000 hoc
329 3951 461 4000 consecrati.
793 3949 882 3996 demum
894 3963 907 3996 r
918 3957 998 3996 morte.

219 4024 236 4068 7
255 4019 343 4073 Colunt,
355 4015 469 4064 excolunt.
827 4017 857 4060 18
874 4015 973 4073 Sapim,
986 4029 1062 4063 sanus.

219 4090 236 4141 θ
254 4084 415 4143 emporium
431 4079 517 4124 sedarat.
827 4079 947 4133 Homres,·
959 4085 1017 4127 tura.
1049 4080 1102 4127 Vid.
1114 4081 1181 4142 Virg.
1192 4081 1249 4128 AEu.
1259 4086 1281 4130 1.
1291 4085 1347 4131 ⁶³2.

221 4147 432 4209 Agruma'gman
449 4144 473 4189 h.
483 4157 503 4190 e.
515 4142 747 4190 &duniosdedocunt
826 4145 856 4188 21
878 4143 954 4190 Terris
963 4153 1052 4199 amota,
1063 4145 1149 4191 sublato
1161 4159 1191 4191 ex
1205 4145 1284 4194 oculis.
1316 4149 1365 4194 Suis

201 4211 203 4214 ’
221 4218 238 4261 9
254 4213 373 4265 Fauorem,
384 4209 494 4270 plausum.
793 4208 938 4266 tmmnibtu.
948 4209 1062 4270 defuncto,
1088 4223 1138 4268 quae
1162 4216 1292 4269 pervetusta
1308 4220 1365 4268 suut,

209 4282 238 4326 1⁰
257 4275 363 4386 Contrtpld
378 4288 388 4328 ,·
411 4272 525 4320 edomuit:
553 4279 575 4319 et
598 4271 686 4335 respicit
704 4269 763 4320 sorte
794 4287 889 4334 quorum
902 4280 1001 4334 tempora
1007 4272 1055 4334 jam
1066 4273 1227 4334 praeterierunt.

192 4343 220 4392 sd
230 4342 315 4392 clavam
355 4337 443 4387 erculis.
