2964 5022
549 321 591 396 Q.
616 319 825 385 HORATII
850 319 1022 386 FLACCI

412 493 568 578 Cecropio
584 506 706 578 repetes
722 493 888 572 cothurno,
914 563 916 570 ,

325 603 454 690 Insigne
469 605 588 668 moestis
603 604 787 690 praesidium
802 605 874 681 reis,

331 713 374 778 Et
388 714 574 793 consulenti,
594 714 707 792 Pollio,
723 715 838 790 curiae3

242 835 279 891 15
369 825 430 890 Cui
445 825 553 889 laurus
568 839 704 889 aeternos
719 825 857 889 honores

411 936 592 1001 Dalmatico
606 937 730 1022 peperit
744 934 916 1020 triumpho.

324 1049 396 1114 Jam
412 1069 497 1110 nunc
511 1047 626 1111 minaci
641 1069 804 1110 murmure
820 1067 974 1109 cornuum

325 1157 516 1244 Perstringis
532 1180 642 1233 aures;
660 1159 728 1244 jam
742 1157 812 1220 litui
828 1167 990 1240 strepunt3

365 1269 437 1332 Jam
452 1268 557 1353 fulgor
572 1291 734 1332 armorum
748 1267 876 1356 fugaces

239 1387 280 1444 20
410 1378 525 1443 Terret
540 1401 638 1465 equos
653 1378 858 1466 equitumque
873 1376 987 1441 vultus.

324 1489 448 1553 Audire
463 1511 595 1576 magnos
612 1492 680 1575 jam
695 1489 806 1552 videor
822 1487 918 1552 duces

326 1600 400 1663 Non
417 1599 567 1663 indecoro
582 1599 712 1684 pulvere
727 1597 892 1675 sordidos3

368 1709 411 1773 Et
426 1722 539 1774 cuncta
553 1721 709 1773 terrarum
727 1709 868 1785 subacta,

413 1820 534 1884 Praeter
549 1831 687 1883 atrocem
703 1819 842 1882 animum
857 1818 996 1883 Catonis.

239 1941 279 1998 25
324 1933 421 2008 luno,
437 1943 468 1994 et
484 1930 616 1994 deorum
632 1929 772 2015 quisquis
788 1929 919 1993 amicior

324 2041 411 2107 Afris
427 2039 526 2105 inulta
541 2052 676 2103 cesserat
691 2039 847 2124 impotens

368 2151 508 2230 Tellure,
525 2151 680 2215 victorum
695 2165 826 2236 nepotes

413 2262 548 2328 Rettulit
563 2260 688 2325 inferias
704 2262 725 2325 J
727 2263 882 2348 ugurthae.·

326 2375 408 2452 Quis
423 2396 489 2437 non
506 2371 622 2436 Latino
637 2371 791 2458 sanguine
805 2373 955 2460 pinguior

242 2499 282 2553 30
328 2488 469 2571 Campus
485 2484 636 2569 sepulcris
652 2483 749 2568 impia
763 2483 876 2568 proelia

369 2596 529 2673 Testatur,
546 2594 750 2680 auditumque
768 2593 874 2658 Medis

412 2706 582 2790 Hesperiae
596 2706 734 2769 sonitum
749 2705 874 2770 ruinae?

329 2819 394 2895 Qui
408 2839 535 2903 gurgeS,
552 2829 606 2880 aut
621 2838 693 2902 quae
707 2815 836 2879 flumina
851 2815 996 2902 lugubris

327 2931 444 3016 Ignara
457 2925 552 2992 belli?
574 2925 659 3012 quod
676 2948 762 2990 mare
777 2926 916 2990 Dauniae

243 3052 282 3107 35
370 3041 446 3103 Non
461 3038 682 3112 decoloravere
694 3035 821 3100 caedes?

413 3148 496 3224 Quae
512 3160 597 3210 caret
611 3169 667 3210 ora
683 3168 794 3210 cruore
810 3147 944 3212 nostro?
1030 3221 1033 3226 Δ

327 3258 389 3324 Sed
406 3281 455 3335 ne,
473 3257 597 3333 relictis,
612 3255 709 3318 Musa
724 3278 853 3340 procax,
864 3258 957 3342 jocis,

262 3501 292 3544 21
308 3513 350 3556 pro
362 3496 448 3543 Audire
459 3496 517 3557 conj.
528 3496 605 3542 Bentl.
617 3495 708 3550 Videre,
726 3503 747 3541 et
754 3499 835 3556 probat
849 3498 910 3546 Cun-
988 3498 1020 3544 83
1039 3494 1097 3550 Quis
1108 3510 1194 3558 gurges
1204 3496 1238 3542 ed.
1254 3497 1331 3545 Vener.

231 3705 260 3749 12
279 3702 387 3761 creant,
411 3701 496 3756 Attico,
519 3701 617 3763 eleganti
636 3708 659 3748 et
679 3701 774 3756 sublimi,
839 3703 871 3748 26
885 3703 989 3757 Cesserat,
1000 3699 1128 3764 aScipioae
1139 3701 1248 3748 Africano
1259 3709 1362 3750 evocata.

196 3767 256 3830 quali
277 3774 330 3813 sunt
350 3767 384 3812 usi
403 3766 533 3827 AEschylus,
556 3766 686 3828 Sophocles,
706 3765 775 3813 Euri-
839 3769 872 3813 27
895 3765 979 3814 Multae
1007 3766 1119 3828 myriades
1145 3766 1337 3829 Pompeianorum
1365 3769 1395 3815 ad

194 3833 265 3896 pidea.
808 3830 925 3893 Thapsum
936 3832 960 3878 in
972 3830 1051 3878 Africa
1066 3847 1081 3879 ι
1098 3829 1234 3880 Caesarianis
1251 3831 1320 3879 occisi
1332 3841 1395 3880 suut.

231 3900 260 3944 la
277 3894 394 3942 Laudatur
410 3894 483 3941 Pollio
499 3895 664 3956 h.l.tanquam
680 3895 776 3942 disertus
814 3897 930 3944 Victorum
950 3911 1002 3956 περ.
1025 3898 1047 3943 h.
1071 3912 1091 3944 e.
1112 3904 1216 3959 posteros
1235 3896 1394 3944 Romanorum

198 3963 279 4011 Orator
294 3961 318 4007 in
335 3960 408 4006 causis
422 3959 547 4006 forensibus
564 3959 663 4022 agendis,
682 3961 777 4007 Senator
809 3976 894 4015 eorum,
906 3962 944 4023 qui
956 3961 1010 4007 olim
1021 3962 1157 4024 subegerant
1168 3961 1277 4009 Africam.
1304 3964 1394 4010 Retulit
1425 3967 1429 3974 '

195 4027 294 4090 prudens
310 4025 333 4071 in
352 4025 497 4078 consulendo,
515 4031 537 4070 et
552 4026 681 4085 Imperator
695 4025 775 4080 clarus,
808 4026 851 4090 ius
871 4027 928 4088 Jug.
949 4026 1030 4074 obtulit
1050 4027 1154 4074 victimas
1181 4027 1284 4076 manibus
1305 4026 1395 4090 Jugur·

196 4093 234 4154 qui
247 4091 373 4138 Parthenos
379 4096 472 4152 gentem
481 4088 580 4150 Illyridia
592 4091 718 4153 subegerat.
810 4092 863 4137 thae.

231 4159 261 4204 17
277 4157 333 4204 Jam
357 4170 422 4202 nunc
444 4155 544 4209 mirarem
569 4155 636 4202 Laus
659 4157 776 4209 Rekitorr'a
841 4154 1109 4216 82Hes1mm1taliae.

195 4229 308 4281 tanquam
319 4221 366 4266 haec
379 4221 428 4279 r'prsa
439 4235 491 4281 qnae
501 4221 603 4267 sorderet
618 4221 649 4266 ita
661 4234 776 4268 conamen·
841 4224 872 4268 38
893 4221 939 4272 Qui
948 4221 1052 4281 gurges?
1070 4224 1092 4269 h.
1103 4238 1123 4268 e.
1135 4220 1238 4284 Vorago.

195 4288 265 4340 daret,
282 4293 310 4332 at
326 4301 348 4331 ae
364 4286 454 4331 uuddor
469 4287 567 4332 crederet
580 4288 691 4333 interesse.
840 4287 873 4332 84
884 4285 990 4332 Daunia
1000 4284 1353 4341 caedes,h.e.1talorumcaedes.

231 4353 261 4398 19
279 4351 397 4412 Hodieque
404 4349 494 4414 fugam
500 4365 544 4410 pro
559 4352 777 4398 adnumerarentur
841 4353 873 4397 86
888 4349 940 4404 Ora,
952 4358 1020 4396 term
1030 4353 1149 4399 terminus.

197 4417 286 4463 cumde
296 4417 359 4478 equis
368 4417 490 4478 loquimur.
842 4418 874 4462 37
887 4417 982 4470 Panaca
1002 4417 1161 4473 inveremaodo,
1178 4431 1231 4480 quae
1247 4417 1340 4466 aureus
1356 4419 1393 4466 ira-

231 4482 263 4527 24
280 4480 393 4536 Atracem,
405 4489 551 4530 concordem.
810 4482 872 4526 vadis
882 4495 996 4529 nameus.
