2954 5022
414 267 762 338 aristocreon
785 269 861 334 aa.
886 267 912 332 1.
938 241 1005 334 15(
1221 279 1283 336 aaa

227 443 381 530 Dictaque
396 454 572 508 cessantem
587 442 692 506 nervis
707 439 825 506 elidere
839 438 987 504 morbum

222 554 382 639 Sulphure
397 553 566 629 contemni,
582 551 669 617 vicus
683 550 791 638 gemit,
807 549 932 614 invidus
946 549 1050 636 aegris,

218 665 282 740 Qui
297 675 392 750 caput
406 677 438 729 et
452 662 652 728 stomachum
666 681 845 748 supponere
859 660 999 726 lontibus
1013 661 1131 728 audent

219 774 365 853 Clusinis,
385 774 570 859 Gabiosque
584 783 698 856 petunt
711 784 743 836 et
757 770 871 856 frigida
885 792 969 834 rura.

134 891 177 947 10
217 882 393 948 Mutandus
408 883 495 948 locus
510 893 567 960 est,
583 895 615 947 et
629 881 802 947 diversoria
816 893 911 945 note:

216 993 486 1080 Praeteragendus·
495 1015 595 1079 equus
607 972 860 1068 :“Quhtendis?
881 1013 946 1056 uon
961 993 1040 1056 mihi
1055 993 1174 1058 Cumas

195 1083 274 1168 *Est
290 1105 349 1168 iter
365 1115 421 1168 eut
437 1092 550 1181 BaiesJ'
565 1089 645 1166 laevt
659 1101 876 1166 stomachosus
891 1088 1016 1166 hebeni

214 1213 308 1277 Dicet
323 1235 439 1300 eques:
464 1212 534 1298 (sed
548 1213 622 1298 equi
636 1212 770 1276 fraenato
784 1225 834 1276 est
848 1215 933 1276 euris
948 1215 982 1276 in
996 1213 1075 1294 ore.)

213 1321 321 1408 Major
334 1335 441 1386 utrum
455 1323 609 1408 populum
624 1322 773 1388 frumenti
790 1323 880 1408 copia
893 1337 1015 1408 pascat3

134 1440 174 1497 15
214 1414 413 1497 Collectdsne
427 1433 537 1498 bibant
552 1433 678 1510 imbres,
693 1413 847 1517 putedsue
862 1430 1016 1518 perennes

211 1542 300 1627 Jugis
316 1567 426 1630 aquae;
449 1548 535 1612 lnam
550 1544 623 1606 vina
638 1542 718 1606 nihil
732 1564 841 1607 moror
856 1543 937 1607 illius
953 1567 1037 1609 orae:

212 1651 300 1716 Rure
312 1677 383 1717 meo
397 1676 527 1740 possum
542 1653 665 1741 quidvis
679 1652 819 1738 perferre
834 1655 962 1741 patique
974 1679 983 1730 3

212 1763 265 1828 Ad
276 1785 369 1844 ,mare
383 1741 456 1827 cum
470 1763 551 1842 veni,
567 1785 757 1850 generosum
772 1777 805 1828 et
818 1764 889 1828 lene
904 1765 1042 1852 requiro,

211 1873 309 1949 Quod
324 1895 415 1936 curas
430 1873 546 1958 abiget,
562 1873 735 1960 quodcum
750 1896 807 1959 spe
821 1873 916 1940 divite
931 1888 1038 1941 menet

130 1989 169 2047 20
209 1982 248 2047 ln
262 2005 358 2048 venes
373 1983 575 2070 animumque
590 2005 705 2061 meum,
722 1982 808 2070 quod
823 1984 919 2049 verba
934 1985 1100 2065 ministret,

212 2093 310 2168 Quod
324 2115 376 2158 me
391 2094 532 2158 Lucanae
542 2097 691 2179 juvenem
706 2093 909 2158 commendet
923 2067 1059 2214 amicae.)

208 2204 343 2268 Tractus
358 2216 429 2268 uter
443 2205 549 2288 plures
564 2203 698 2287 lepores,
713 2213 784 2266 uter
798 2202 911 2269 educet
923 2228 1038 2291 apros3

208 2305 292 2370 Utre
306 2307 406 2392 magis
421 2305 522 2390 pisces
537 2317 570 2370 et
583 2304 711 2369 echinos
727 2327 857 2391 aequora
871 2307 995 2385 celent3

208 2415 339 2502 Pinguis
353 2428 389 2479 ut
403 2415 477 2480 inde
491 2415 622 2478 domum
636 2417 756 2501 possim
772 2416 956 2504 Phaeaxque
969 2421 1104 2498 reverti3

127 2531 167 2588 25
209 2525 354 2589 Scribere
368 2537 399 2588 te
414 2525 516 2603 nobis,
533 2525 591 2590 tibi
605 2523 663 2590 nos
678 2527 854 2606 accredere,
870 2550 930 2612 par
946 2541 1002 2593 est.

208 2633 358 2713 MaeniuS,
376 2647 410 2700 ut
423 2635 518 2699 rebus
532 2636 682 2726 maternis
698 2649 791 2724 atque
806 2639 950 2723 paternis.

207 2743 343 2808 Fortiter
358 2745 509 2810 absumtis
524 2746 664 2810 urbanus
680 2747 775 2832 coepit
790 2747 910 2826 haberi,

210 2855 326 2920 Scurra
342 2879 448 2944 vagus,
464 2877 529 2919 non
544 2856 599 2942 qui
612 2870 734 2920 certum
747 2878 892 2941 praesepe
907 2869 1037 2939 teneret,

210 2966 396 3052 impransus
411 2989 476 3031 non
491 2967 546 3054 qui
561 2967 661 3032 civem
675 2967 876 3054 dignosceret
888 2968 996 3046 hoste3

88 3187 101 3229 7
115 3183 198 3231 sulfure
203 3185 254 3231 edd.
264 3187 317 3230 vett.
327 3183 404 3229 Banu
483 3185 512 3230 13
528 3183 591 3245 equis
602 3184 680 3230 Bentl.
700 3184 760 3231 Con.
792 3184 843 3244 equi
859 3184 958 3248 defendit
968 3187 1062 3234 maron.
1146 3192 1175 3238 16
1192 3191 1263 3239 dulcis

113 3265 171 3309 squae
182 3249 266 3296 Lame.
282 3263 308 3293 ee
323 3248 410 3296 duobtts
424 3247 489 3294 codd.
571 3252 600 3295 17
617 3249 712 3309 quodvis
730 3247 789 3310 conj.
800 3249 884 3296 Heius.
896 3250 956 3297 Ado.
971 3253 995 3298 3.
1009 3255 1045 3299 13.
1056 3267 1082 3312 p.
1094 3253 1150 3303 498.
1230 3261 1263 3304 25

112 3313 177 3370 nobis,
188 3330 214 3361 ec
226 3329 269 3360 nos
280 3312 320 3358 tibi
330 3312 420 3358 credere
434 3313 498 3360 θίαν.
567 3317 599 3360 26
617 3314 654 3358 At
664 3315 704 3360 hoc
714 3329 780 3361 uersu
787 3314 822 3376 fit
831 3315 925 3360 inuium
934 3330 999 3362 nova
1008 3318 1104 3377 mistoloe
1113 3320 1139 3366 in
1149 3321 1184 3368 ed.
1199 3313 1263 3370 Ghrr.

110 3467 124 3510 6
141 3467 267 3512 certamem
277 3465 400 3521 erardum
412 3465 547 3524 podagram.
682 3464 745 3518 cuba,
758 3462 854 3510 Falerna
865 3481 871 3510 z
891 3467 970 3527 quibus
982 3483 1033 3515 rure
1043 3483 1095 3516 meo
1106 3469 1171 3518 facile
1188 3487 1259 3530 careo,

111 3531 213 3585 Elidem,⁸
226 3529 342 3576 eliminare
352 3545 391 3590 per
402 3529 503 3575 sudores.
682 3543 734 3574 cum
746 3529 774 3576 ad
784 3544 846 3574 mare
857 3529 968 3586 descendi,
979 3534 1146 3596 utorJucunde.

110 3597 123 3639 7
137 3597 234 3642 Invidet
240 3609 250 3650 ,¹
261 3595 317 3654 qaia
327 3595 416 3648 iturad
426 3593 471 3638 alio
481 3593 537 3638 loca.
717 3595 746 3639 18
763 3593 804 3638 Ad
813 3609 883 3649 mare,
895 3597 924 3641 ad
935 3595 1068 3644 Lucaniam.

110 3661 123 3704 9
139 3661 238 3706 ausim
252 3666 274 3704 et
289 3659 383 3704 Gattnae
398 3651 569 3718 aquoefh'gidoe
586 3665 648 3713 sunt,
713 3661 745 3704 23
763 3658 864 3704 Echinos
872 3673 881 3714 ;
900 3659 959 3708 Vide
971 3661 1019 3708 Sat.
1025 3665 1048 3708 2.
1056 3663 1079 3710 t.
1090 3667 1130 3712 83.

85 3723 173 3770 utem
182 3725 209 3771 in
221 3724 342 3776 Hetrum'o,
358 3723 453 3768 eadm
462 3722 488 3766 in
499 3723 593 3768 Sabinis.
713 3724 745 3768 at
762 3724 869 3779 Phaeae3
888 3725 944 3771 alter
956 3725 1076 3774 Alcinous.
1114 3728 1168 3776 Vid.
1184 3727 1259 3792 Epist.

109 3790 199 3848 fagum
211 3803 276 3840 rura,
290 3787 385 3832 Sabinos
396 3801 471 3848 agros.
683 3789 705 3832 1.
715 3789 739 3833 2.
750 3790 791 3834 28.

111 3856 136 3898 10
153 3854 231 3900 Locus
238 3867 250 3908 ,⁶
267 3851 342 3897 Vetus
352 3851 481 3912 hospitium.
713 3853 745 3896 25
762 3852 860 3898 Scribere
875 3860 897 3898 te
907 3855 969 3902 nobis
976 3871 987 3912 ,¹
1003 3857 1039 3902 lu'c
1053 3856 1132 3904 sersus
1144 3859 1258 3920 peiusque

108 3918 253 3971 hemme,
265 3916 452 3977 interquiescendi
463 3916 519 3963 loca.
681 3916 790 3975 Epistolae
801 3917 922 3966 concludit.

110 3984 137 4028 rt
155 3982 233 4044 Major
243 3989 342 4037 sunem
355 3981 432 4043 supple
442 3983 475 4028 Te
485 3981 547 4027 nobis
556 3981 649 4026 rothem
713 3981 845 4035 Accredem,
864 3985 957 4029 verbum
978 3982 1147 4033 Lucretianum.
1191 3985 1257 4036 varae

81 4059 119 4104 par
127 4055 165 4094 est.
682 4045 732 4091 haec
749 4045 800 4092 loca
816 4054 879 4092 eraut
897 4055 956 4104 uota,
969 4049 1007 4109 qui
1025 4050 1114 4101 videtur
1131 4051 1160 4096 ibi
1175 4053 1259 4113 praedia

113 4113 195 4159 Utrum
207 4111 341 4170 peridem
358 4117 431 4156 utrem
448 4109 567 4164 civitatem,
585 4108 651 4156 Veli·
669 4109 801 4169 habuisse..

84 4189 127 4222 nem
137 4192 164 4222 an
178 4175 329 4222 Salerninam.
714 4177 746 4220 27
759 4176 865 4222 Fortiter.
900 4176 954 4223 Sine
964 4177 1011 4222 ullo
1020 4179 1156 4240 paupertatis
1168 4188 1237 4229 metu.

110 4243 136 4286 15
154 4241 264 4295 collectos,
276 4239 414 4286 ciderninos.
439 4252 445 4261 “
720 4240 842 4294 Urbanum
866 4241 937 4296 dicax,
954 4242 1033 4298 salsus,
1051 4244 1140 4302 sodalis,
1157 4260 1259 4293 commo.

109 4306 323 4360 remitterem
340 4318 387 4350 non
404 4303 650 4366 opushebeodeillis
684 4303 733 4350 dus.
1178 4324 1179 4329 ¹

83 4385 186 4429 quereres
204 4369 260 4416 novi
279 4369 318 4416 illa
330 4366 452 4430 Campano,
470 4367 578 4424 Massico,
596 4365 650 4416 Coe·
715 4372 746 4416 28
765 4370 885 4430 Proesqte;
901 4385 989 4419 mensa.

1011 4439 1085 4498 *ze
