2964 5022
427 295 702 366 SERMONUM
725 295 802 364 Lm.
824 297 852 366 Ι.
876 306 906 368 1.

200 473 293 550 Quae,
308 468 404 534 simui
418 469 577 536 inversum
592 471 756 538 contristat
770 469 936 558 Aquarius·
945 491 1074 553 annum,
1138 523 1144 530 .

198 583 273 647 Non
287 605 421 670 usquam
435 581 587 668 prorepit,
603 594 635 647 et
649 581 709 648 illis
724 583 823 648 utitur
837 567 911 648 ante
1020 668 1022 672 ι

197 692 347 769 Quaesitis
361 693 504 778 sapiens3
527 673 599 758 crim
614 705 645 758 te
659 716 763 782 neque
777 692 915 758 fervidus
929 705 1025 760 aestus
1106 759 1109 766 ,
1127 744 1129 753 .

194 801 366 868 Dimoveat
380 802 480 880 lucro,
496 823 599 890 neque
613 802 724 881 hiems,
740 803 832 891 ignis,
849 825 945 884 mare,
960 804 1099 884 ferrum3

118 919 156 975 40
196 911 253 976 Nil
266 912 370 978 obstet
384 911 452 990 tibi,
468 910 545 979 dum
560 934 601 976 ne
615 913 655 978 sit
670 927 702 979 te
716 913 811 980 ditior
824 912 913 980 alter.

194 1021 282 1098 Quid
290 1025 384 1109 juvat
397 1022 586 1088 immensum
600 1034 631 1088 te
646 1022 769 1110 argenti
782 1023 908 1109 pondus
922 1037 954 1090 et
968 1028 1050 1092 auri

195 1131 318 1196 Furtim
332 1113 457 1198 defossi
472 1131 617 1198 timidum
632 1131 790 1217 deponere
805 1114 915 1198 terri?

45 1253 154 1316 Aram,
189 1214 346 1321 (Quod,
361 1243 390 1306 si
404 1243 609 1322 comminuas,
625 1242 718 1308 vilem
732 1242 894 1330 redigatur
907 1246 949 1310 ad
963 1229 1097 1314 assem.''
1121 1291 1125 1298 ·

52 1358 146 1429 aaa,
189 1357 213 1428 ῚΙ
235 1353 281 1417 At
293 1352 328 1416 ni
344 1352 377 1416 id
392 1352 438 1432 fit,
454 1353 532 1441 quid
545 1353 641 1418 habet
654 1351 778 1438 pulchri
793 1365 990 1422 constructus
1005 1361 1159 1428 acervus?

116 1469 150 1527 45
190 1461 297 1526 Millia
309 1463 461 1528 frumenti
475 1474 531 1527 tua
544 1462 665 1530 triverit
678 1485 751 1528 area
766 1476 902 1542 centum,

190 1572 266 1636 Non
280 1584 355 1638 tuus
369 1573 432 1636 hoc
446 1572 549 1658 capiet
564 1583 672 1636 venter
685 1571 757 1656 plus
772 1557 866 1661 quam
880 1598 987 1644 meus:
1010 1591 1056 1660 ut,
1072 1581 1099 1646 si

193 1682 377 1778 Reticulum
390 1681 481 1768 panis
496 1681 621 1748 venales
636 1681 718 1746 inter
732 1698 847 1750 onusto

190 1793 288 1858 Forte
303 1793 399 1860 vehas
414 1793 558 1870 humero,
573 1791 673 1857 nihilo
687 1791 759 1880 plus
779 1797 913 1882 accipias
928 1777 1023 1886 qudm

189 1904 257 1980 Qui
271 1883 318 1966 nil
331 1903 474 1989 portarit.
519 1901 580 1966 Vel
594 1903 655 1982 dic,
676 1905 752 1992 quid
768 1907 882 1974 referat
894 1909 978 1976 intra

112 2023 148 2080 50
186 2015 322 2080 Naturae
336 2014 415 2079 fines
431 2012 556 2090 viventi,
566 2014 682 2100 jugera
695 2026 832 2094 centum,
848 2038 889 2082 an

51 2130 158 2197 Aruer.
188 2125 282 2191 Mille
298 2123 392 2190 aret?
412 2129 436 2202 ti
448 2095 498 2189 ht
512 2145 607 2188 suave
621 2134 669 2188 est
683 2146 724 2188 ex
737 2118 978 2213 magno'tollere
993 2153 1115 2196 acervo.
1122 2109 1140 2142 n

58 2246 143 2310 Rara.
184 2242 207 2312 ii
229 2236 323 2302 Dum
337 2257 378 2302 ex
391 2257 491 2320 parvo
505 2232 597 2298 nobis
611 2233 797 2298 tantundem
811 2234 938 2301 haurire
951 2238 1120 2328 relinquar,

183 2345 251 2411 Cur
266 2358 324 2410 tua
336 2343 409 2429 plus
422 2343 532 2410 laudes
547 2343 682 2408 cumeris
695 2344 843 2430 granaria
856 2347 997 2433 nostris?

186 2453 242 2534 Ut,
259 2454 320 2519 tibi
334 2453 361 2518 si
375 2453 417 2518 sit
429 2475 510 2538 opus
524 2452 715 2542 liquidinon
730 2454 864 2540 amplius
880 2439 969 2536 orni,

111 2574 144 2632 55
182 2565 243 2630 Vel
257 2563 385 2652 cyatho,
401 2575 433 2628 et
446 2563 531 2628 dicas
543 2587 552 2640 3
576 2563 699 2650 Magno
714 2564 754 2628 de
768 2564 897 2630 flumine
911 2564 1049 2647 mallem,

182 2675 292 2754 Quam
306 2695 348 2740 ex
361 2673 423 2738 hoc
437 2672 588 2738 fonticulo
602 2674 788 2740 tantundem
803 2697 936 2741 sumere.
980 2677 1030 2742 Eo
1044 2676 1091 2758 fit,

76 2925 99 2970 n
111 2925 185 2988 apiem
200 2926 271 2974 aium
284 2925 337 2972 Ma
353 2927 401 2972 Bos
416 2924 497 2972 Anim.
509 2939 536 2985 p.
551 2926 591 2971 56.
606 2931 627 2970 ct
645 2937 723 2970 omnes
735 2923 805 2984 Cnap.
816 2924 842 2970 it.
851 2923 930 2984 priato
940 2925 1045 2972 omnium
1054 2925 1119 2973 aaut
1131 2928 1185 2974 zar.
1201 2928 1238 2976 Η.

100 2992 158 3050 upa
173 2999 212 3039 etc.
244 2993 292 3038 Sed
307 2991 394 3054 patiens
409 2990 462 3036 Mu.
479 2990 545 3036 Han.
564 2989 624 3036 Gott.
634 2989 682 3034 coll.
701 2990 752 3034 Soc.
770 2989 831 3034 editt.
848 2996 898 3036 ινιτ.
915 2988 983 3035 etiam
994 2989 1048 3036 Αἶά.
1062 2998 1084 3037 et
1104 2993 1148 3039 Ro.
1163 2995 1237 3052 Steph.

98 3056 172 3115 potieris
185 3072 227 3116 pro
244 3056 337 3118 potiens
354 3056 418 3102 Flor.
442 3055 496 3101 Vm.
516 3053 672 3101 14851555.
718 3055 751 3099 39
768 3051 898 3100 Demoveat
908 3053 990 3101 Lanu.
1001 3055 1078 3102 Bentl.
1105 3071 1147 3102 nec
1163 3057 1235 3104 hiems

97 3120 159 3166 Bentl.
187 3122 218 3167 48
236 3121 261 3167 in
273 3135 350 3167 assem
365 3117 419 3167 Mu.
437 3120 529 3166 Bernn.
591 3117 622 3165 45
638 3117 691 3164 hinc
701 3116 774 3179 capiet
792 3117 856 3166 our.
920 3119 951 3164 ts
967 3119 1062 3182 accipies
1077 3119 1131 3168 Mn.
1145 3123 1236 3170 Barna.

97 3185 122 3229 55
134 3185 202 3232 malim
216 3186 300 3233 Bentl.

97 3396 121 3441 ³6
134 3397 253 3454 Imaum,
273 3413 301 3444 ac
318 3396 337 3444 si
356 3395 425 3443 videri
443 3393 511 3442 vellet
527 3393 623 3441 hiemem
650 3394 740 3452 portari
749 3395 808 3442 tolet.
840 3392 922 3457 AEsopi
932 3395 1047 3456 panarium
1059 3397 1147 3460 tangit3
1168 3404 1191 3444 et
1202 3398 1232 3444 ri·

75 3459 177 3508 eriuversa
187 3461 282 3524 Aquarii
293 3460 471 3508 uruadehrrem.
655 3457 830 3506 diculemarum
840 3458 1070 3525 hajuloetmancipio
1081 3469 1203 3525 comparat

99 3525 122 3570 42
136 3525 198 3580 Quod
206 3528 230 3574 in
241 3535 304 3575 terra
312 3525 424 3574 defoditur
433 3523 523 3587 proprie
532 3523 623 3570 thecau-
692 3523 784 3571 Venales
791 3545 800 3578 ,·
816 3539 895 3570 remos.

77 3599 104 3634 m
111 3591 225 3651 appellatur.
686 3587 718 3636 49
734 3589 802 3634 Intra
819 3595 911 3635 natura
918 3589 1000 3652 finer:
1027 3589 1121 3652 egregie
1136 3589 1229 3647 Seneca,

98 3651 208 3715 Deponitur
228 3664 252 3704 et
267 3655 323 3705 fidei
343 3653 496 3710 commissum,
518 3660 541 3700 et
562 3653 622 3715 quod
653 3652 678 3699 Si
687 3653 719 3698 ud
728 3661 839 3699 naturum
852 3653 909 3700 umes
926 3669 1049 3716 autequam
1064 3656 1108 3702 eris
1121 3670 1227 3716 pamm

76 3719 181 3766 renaudum
190 3721 294 3768 traditur.
652 3717 712 3763 dud
728 3717 841 3776 miriones
858 3733 982 3780 nunqum
996 3719 1040 3767 eris
1055 3720 1122 3768 dhes.
1154 3719 1229 3784 Epist.

97 3782 121 3828 ts
135 3783 176 3832 Hic
190 3801 269 3834 versus
284 3783 455 3847 responsionem
473 3781 534 3830 avari
549 3782 622 3830 conti-
655 3783 693 3828 16.
703 3779 742 3828 fin.

105 3877 111 3892 .
684 3848 716 3892 52
734 3846 866 3906 Relinquat,
878 3850 992 3896 concedas.

99 3911 239 3962 mundaum:
258 3913 360 3961 maxime
370 3920 451 3961 cavent
461 3912 522 3959 avari
531 3927 559 3958 ne
568 3911 620 3974 quid
684 3913 716 3957 53
733 3910 832 3966 Laudes,
844 3912 939 3960 mireris.

75 3970 181 4028 denotanda
190 3995 278 4027 summa
289 3979 391 4026 decedat.
687 3977 792 4028 Cumara,
804 3976 841 4022 vel
851 3991 978 4031 mainerum,
995 3992 1035 4024 ves
1046 3983 1094 4024 erat
1103 3977 1176 4024 forma
1186 3978 1227 4026 do-

97 4041 121 4084 44
141 4043 196 4094 Quid
211 4042 325 4104 pulchri?
354 4041 383 4089 'rr'
403 4040 491 4099 Κιλίνς
536 4040 620 4088 Sensus
651 4038 682 4094 lii,
699 4039 748 4086 vive
765 4039 820 4094 cadi,
832 4041 961 4097 vimineum,
972 4041 1091 4104 palmeum,
1104 4049 1223 4102 spumeum,

76 4109 109 4148 at:
124 4105 198 4154 Atriri
209 4123 247 4170 per
263 4107 406 4156 moderatum
422 4123 488 4154 usurn
503 4106 620 4153 diminutio
651 4104 689 4150 vel
710 4105 776 4150 etiarn
798 4112 927 4162 testaceum,
947 4106 1073 4152 acuminato
1092 4107 1225 4166 cooperculo

75 4167 189 4227 iffltmfit,
200 4174 243 4220 nisi
257 4183 284 4221 tu
295 4172 366 4220 uteris
376 4187 422 4219 non
433 4171 542 4234 estquod
558 4184 620 4217 ecer-
652 4176 796 4226 cameratum,
812 4169 871 4217 unde
889 4179 912 4218 et
928 4185 1010 4218 nomeu
1028 4185 1093 4216 vuum
1113 4171 1226 4232 accepisse

75 4242 104 4275 ’θ’
111 4233 145 4280 hie
153 4237 251 4285 trudetur
262 4245 303 4285 aut
313 4236 391 4299 magui
402 4235 448 4284 fiat.
649 4233 746 4280 videtur.

97 4296 121 4342 45
135 4300 207 4356 isdh'u,
219 4303 268 4350 scil.
280 4303 416 4350 modiorum.
681 4299 715 4344 54
732 4297 841 4360 Lepuidir
857 4314 931 4361 aqum,
942 4313 1003 4348 neore
1016 4297 1102 4346 draco.
1132 4297 1225 4366 ‘'runi.

96 4360 120 4406 47
134 4365 256 4417 Remulum
265 4376 313 4418 rete
324 4375 362 4422 est,
378 4381 422 4428 quo
438 4365 465 4414 in
479 4366 534 4415 urhe
549 4365 618 4428 parda
670 4417 673 4424 ¹
683 4363 775 4410 Notum
784 4372 816 4410 ert
827 4380 913 4412 amram
922 4373 943 4412 et
954 4364 1062 4425 cyathum
1073 4364 1164 4413 nomine
1174 4383 1225 4414 csse

649 4441 813 4477 mensurarum.

77 3853 104 3890 ret
