2954 5022
182 307 243 378 ’348
541 307 583 386 Q.
607 305 814 374 HORATII
838 303 1008 374 FLACCI

224 494 266 550 60
310 483 466 567 Lacryma
475 504 484 556 ;
505 501 564 565 per
579 491 720 544 sanctum
731 480 855 563 juratus
869 476 954 541 dicet
969 475 1088 552 Osirin,

288 581 448 670 “Credite
464 611 528 654 non
542 589 637 665 ludo;
660 587 812 666 crudeles,
829 587 928 652 tollite
942 586 1090 652 claudum
1101 571 1153 650 εἷ

290 686 426 778 “Quaere
440 684 657 786 peregrinum?
669 700 782 764 vicinia
796 721 891 764 rauca
906 698 1063 762 reclamat.

581 878 612 922 68
631 874 751 922 reclamant
762 874 820 938 corp.
835 877 870 923 N.
882 875 963 920 Helm.

691 1083 852 1098 ...βω-4..-

690 1095 854 1115 ..ι-ιιι-

526 1264 814 1348 EPISTOLA
851 1261 1014 1344 XVIII.

652 1472 702 1520 nn
720 1471 889 1520 uomuu.

178 1649 211 1698 Io
231 1651 328 1697 condem
348 1651 473 1699 mamm.
513 1650 634 1698 litandam
655 1666 700 1698 esso
720 1653 862 1711 werilotom
882 1651 908 1696 in
928 1651 1071 1698 assectatione
1091 1649 1194 1700 diadum
1220 1647 1250 1695 B.
1302 1645 1385 1694 Plane

210 1730 278 1762 aurea
294 1724 406 1777 praecepta
420 1717 457 1762 hie
468 1715 543 1762 Lollio
560 1715 695 1762 adolescenti
712 1717 838 1773 traduntur,
856 1715 936 1777 quibus
946 1715 984 1762 ille
995 1716 1064 1763 vitam
1079 1722 1140 1761 recte
1152 1713 1274 1760 instituere
1292 1712 1382 1774 possit,

213 1786 237 1826 ut
252 1779 386 1841 principibus
401 1781 488 1842 placeat
503 1795 626 1840 eorumque
640 1781 760 1828 amicitiam
777 1781 872 1828 honeste
891 1787 980 1826 tueatur
995 1795 1022 1826 ac
1038 1786 1164 1826 conservet.
1186 1777 1310 1829 ‚Primum
1332 1775 1383 1822 duo

210 1844 266 1890 vitia
282 1852 384 1891 extrema
399 1860 469 1906 eaque
486 1843 602 1898 contraria,
623 1845 681 1890 inter
698 1861 749 1906 quae
768 1845 840 1891 virtus
860 1845 889 1890 eit
907 1845 985 1901 medIa,
1005 1845 1096 1890 vitanda
1111 1859 1161 1890 esse
1176 1843 1243 1890 docet
1260 1840 1380 1894 Uaccus,

211 1908 361 1955 adulationem
376 1910 522 1970 parasiticarn,
539 1923 590 1968 quae
604 1909 712 1970 puerilem
727 1911 750 1955 in
765 1910 858 1956 modum
873 1908 998 1956 blandiatur
1015 1914 1039 1956 et
1054 1915 1187 1963 assentetur,
1204 1914 1274 1968 atque
1293 1921 1381 1952 moro-

211 1973 300 2020 sitatem
316 1981 428 2036 agrestem
445 1973 591 2034 invisamque,
609 1989 660 2034 quae
676 1974 704 2021 de
719 1973 771 2021 lana
787 1975 883 2036 caprIna,
901 1975 966 2020 rebus
983 1989 1074 2036 prorsus
1092 1973 1198 2027 futilibus,
1218 1973 1381 2020 vehementer

209 2038 302 2092 rixetur,
314 2038 442 2098 nescietque
458 2037 521 2084 alteri
537 2037 623 2084 cedere.
655 2039 769 2086 Praeterea
787 2053 801 2084 a
818 2039 878 2084 vitiis
894 2037 1034 2100 flagitiisque,
1054 2045 1079 2084 ut
1092 2037 1184 2084 Venere
1199 2037 1295 2090 lasciva,
1315 2035 1377 2087 uae.

211 2102 286 2149 studio
302 2101 369 2148 nimis
385 2116 410 2148 se
425 2101 554 2160 exornandi,
579 2102 673 2148 habendi
690 2103 809 2165 cupiditate
825 2109 849 2150 et
864 2102 933 2149 stulto
949 2103 1085 2165 paupertatis
1106 2102 1198 2164 pudore,
1223 2116 1276 2147 esse
1300 2099 1378 2146 absti-

211 2167 323 2213 nendum:
342 2181 424 2212 arcena
433 2164 499 2212 amici
515 2181 561 2212 non
577 2182 627 2214 esse
638 2168 757 2214 scrutanda
767 2176 790 2214 et
801 2167 921 2214 commissa
936 2168 1047 2230 tegenda:
1067 2183 1108 2214 nec
1123 2167 1212 2228 propria
1227 2165 1307 2212 studia
1324 2165 1380 2210 lau·
1474 2185 1475 2226 ξ

211 2231 289 2285 danda,
306 2245 348 2280 uec
364 2231 436 2277 aliena
452 2231 647 2292 reprehendenda:
664 2233 789 2280 cedendum
804 2233 869 2278 amici
884 2232 1000 2286 vobmtati,
1017 2223 1118 2279 velutin
1129 2230 1254 2278 venationis
1270 2227 1376 2276 medite-
1474 2279 1475 2306 ,

123 2327 127 2334 -
210 2295 342 2356 tionumqu'e
357 2294 515 2356 campestrium
532 2295 619 2342 studio:
639 2296 698 2358 quid,
715 2297 803 2359 dequo,
821 2297 891 2344 eteui
906 2296 998 2352 dicatur,
1015 2298 1083 2358 probe
1099 2311 1149 2342 esse
1163 2294 1371 2356 perpendendum:

210 2367 390 2422 percontatorem
406 2360 555 2423 fugiendum:
571 2356 691 2410 ub'anore
706 2361 769 2422 pueri
785 2369 825 2408 aut
841 2361 1050 2423 puelleeInaedlbus
1066 2361 1131 2408 amici
1146 2359 1324 2406 abstinendum:
1348 2357 1373 2402 in
1474 2387 1475 2394 η

209 2424 388 2472 commendando
405 2425 478 2487 aliquo
497 2439 607 2471 summam
623 2425 768 2472 adhibendam
785 2425 930 2487 diligentiam,
947 2439 989 2472 nec
1005 2426 1129 2488 iudignum,
1146 2425 1165 2470 si
1179 2423 1239 2470 forte
1255 2423 1371 2485 deceptus

210 2489 408 2544 commendaveris,
426 2489 521 2551 amplius
532 2490 651 2536 tuendum:
671 2489 814 2536 innocentem
826 2505 880 2536 vero
891 2489 998 2536 adversus
1010 2490 1170 2536 obtrectatores
1180 2487 1367 2534 defendendum

209 2569 291 2608 mores,
308 2561 416 2614 quantum
431 2553 479 2601 fieri
494 2554 572 2616 possit,
588 2553 617 2600 ud
627 2554 692 2600 amici
703 2569 777 2602 mores
788 2554 1005 2602 accommodandos:
1023 2563 1091 2616 atque
1108 2554 1208 2607 ornuino,
1226 2567 1255 2598 ne
1265 2552 1291 2598 in
1302 2551 1372 2613 cupi-

209 2619 268 2666 endo
285 2619 377 2665 modum
393 2619 489 2666 excedas
505 2619 648 2678 animumque
664 2619 723 2665 curis
739 2619 862 2681 perturbes,
879 2619 986 2680 legendos
1003 2634 1052 2665 esse
1067 2620 1184 2665 hominum
1201 2617 1323 2663 doctorum
1340 2616 1370 2662 li-

209 2683 269 2730 bros.
303 2683 341 2730 Ad
351 2690 477 2730 extremum
490 2682 600 2731 Horatius
611 2687 677 2730 suum
690 2683 760 2745 ipsius
776 2685 904 2747 exemplum
920 2684 1032 2746 proponit,
1048 2684 1162 2746 quomodo
1177 2682 1267 2737 sentiat,
1286 2689 1312 2728 ut
1325 2695 1369 2728 sua

209 2755 270 2796 sorte
281 2747 309 2794 sit
320 2755 447 2796 contentus.

305 2897 342 2960 Sr
358 2879 438 2960 bend
452 2908 484 2961 te
498 2899 582 2976 novi,
598 2912 729 2979 metues,
745 2898 904 2964 liberrime
919 2900 1014 2979 Lolli,

305 3006 483 3072 Scurrantis
498 3008 634 3092 speciem
648 3008 802 3094 praebere,
817 2996 977 3095 professus
991 3009 1137 3076 amicum.

305 3115 353 3180 Ut
366 3129 511 3182 matrona
525 3119 682 3184 meretrici
696 3119 804 3204 disper
819 3120 879 3185 erit
892 3135 986 3207 atque

302 3223 462 3303 Discolor,
477 3221 578 3290 infido
593 3251 710 3294 scurrae
725 3217 853 3295 distabit
867 3231 996 3294 amicus.

242 3341 261 3398 5
308 3333 455 3400 Esthuic
470 3336 629 3402 diversum
644 3339 720 3403 vitio
734 3340 844 3403 vitium
858 3312 965 3425 propri
976 3341 1086 3425 majus,

303 3445 617 3534 Asperitasegrestis
632 3461 664 3514 et
678 3449 864 3514 inconcinna
878 3451 1055 3538 gravisque,

305 3554 389 3650 Quae
403 3571 437 3620 se
451 3555 652 3622 commendat
662 3544 753 3622 consi
767 3571 848 3636 cute,
865 3559 1011 3624 dentibus
1026 3561 1121 3637 atris;

304 3663 394 3730 Dum
408 3665 475 3731 vult
488 3666 617 3732 libertas
632 3667 694 3732 dici
708 3689 806 3750 mera,
821 3692 958 3758 vereque
973 3671 1080 3736 virtus.

634 3860 650 3902 8
667 3855 704 3902 lib.
715 3871 777 3904 mera
787 3857 830 3905 dici
843 3860 903 3920 vulg.

208 4016 237 4062 61
257 4011 385 4067 Nonlodo,
401 4027 447 4060 non
459 4011 529 4076 fingo.
815 4017 831 4061 2
849 4014 994 4069 &ommim
1010 4013 1242 4071 levitersssentantis,
1259 4032 1300 4064 seu
1311 4017 1362 4065 belli

209 4081 240 4126 62
258 4079 416 4137 Peregrinus,
434 4077 456 4122 h.
469 4093 490 4124 e.
500 4078 538 4138 qui
549 4083 572 4124 te
584 4084 677 4138 tuasque
687 4077 751 4125 sasse—
784 4085 807 4124 et
819 4079 895 4126 urbani
906 4079 1004 4141 parasiti.

171 4143 224 4188 cias
236 4157 282 4190 uon
293 4141 369 4188 novit:
390 4155 438 4196 nos,
450 4141 488 4202 qui
505 4142 617 4199 norimus,
633 4143 671 4190 tibi
685 4143 751 4189 fidem
817 4143 942 4208 Perpessus,
954 4143 1033 4205 supple
1043 4159 1095 4190 cum
1106 4141 1184 4190 fueris:

177 4205 387 4254 habemusnullam.
454 4221 455 4224 ¹
755 4258 757 4262 ,
817 4209 958 4263 lDiacolor,
971 4208 1150 4272 speciediversa.
1310 4235 1312 4240 ·

424 4305 425 4310 ,
816 4274 901 4337 Infids.
934 4271 978 4322 Cui
990 4271 1046 4318 tides
1056 4273 1130 4318 haberi
1142 4279 1216 4334 potest
1228 4269 1298 4322 nulla.

354 4331 461 4382 EPIST.
477 4333 578 4385 XVIII.
818 4337 988 4386 dlrrcmcioou
994 4337 1122 4399 gesimam
1135 4338 1275 4386 iorsocioliset
1282 4341 1361 4389 odiam.

214 4397 402 4448 lLiberdicitur
413 4397 449 4461 qui
461 4415 549 4462 eaquae
561 4401 628 4448 sentit
640 4401 699 4448 dicit.
782 4409 784 4418 ’
