2972 5020
384 355 388 362 -
442 300 716 378 SERMONUM
739 308 814 377 Lm.
840 311 865 378 Ι.
888 324 918 380 S.

137 483 171 546 7⁵
214 479 354 544 Peccatis
369 480 495 544 veniam
511 493 692 566 poscentem
708 483 840 548 reddere
855 505 975 550 rursus.

209 587 369 674 Denique,
387 601 542 674 quatenus
556 591 660 656 excidi
675 592 800 676 penitus
815 593 925 657 vitium
940 595 1007 670 irie,

211 698 337 762 Caetera
351 698 428 762 item
444 713 605 786 nequeunt
620 701 721 765 stultis
736 701 909 779 haerentia3
932 723 989 766 cur
1003 721 1068 765 non

209 807 412 871 Ponderibus
428 808 625 896 modulisque
641 811 704 874 suis
719 812 800 876 ratio
814 809 936 875 utitur?
958 832 1070 886 eures

209 916 259 982 Ut
271 940 409 1005 quaeque
424 931 481 996 est,
497 919 541 982 ita
556 919 716 1004 suppliciis
731 919 846 986 delicte
859 919 1006 985 coiisset?

133 1035 169 1090 80
210 1026 245 1091 Si
260 1026 331 1113 quis
347 1049 421 1092 eum
436 1049 572 1105 servum,
587 1029 727 1112 patinam
743 1031 797 1117 qui
811 1030 921 1094 tollere
932 1029 1039 1114 jussus

209 1137 357 1200 Semesos
372 1137 474 1222 pisces
490 1137 695 1224 tepidumque
709 1115 883 1225 ligurrierit
890 1141 955 1223 jus,

207 1246 247 1310 In
262 1267 359 1310 cruce
375 1247 510 1334 suffigat,
524 1247 674 1312 Labeone
690 1249 827 1312 insanior
842 1249 923 1312 inter

206 1357 310 1420 Sonos
325 1357 458 1422 dicatur.
503 1356 633 1433 Quanto
647 1358 708 1420 hoc
723 1357 868 1421 furiosius
882 1369 977 1443 atque

206 1465 317 1551 Majus
332 1479 497 1552 peccatum
512 1479 559 1530 est
569 1451 741 1532 ?.Pauldm
757 1464 889 1551 deliquit
903 1466 1075 1542 amicus3..

134 1582 167 1639 85
207 1575 323 1660 (Quod
337 1576 398 1639 nisi
413 1576 577 1653 concedas,
592 1575 727 1639 habeare
741 1575 887 1652 insuavis,
904 1575 1059 1655 acerbus)

206 1683 315 1749 Odisti
329 1697 362 1748 et
375 1685 469 1771 fugis,
484 1698 520 1749 ut
536 1686 698 1749 Rusonem
713 1684 837 1748 debitor
851 1683 948 1748 aeris?

207 1793 283 1872 Qui,
301 1793 375 1871 nisi,
390 1777 463 1858 edm
478 1795 580 1860 tristes
596 1795 711 1858 misero
725 1815 838 1858 venere
855 1793 1015 1870 Calendae,

205 1902 395 1967 Mercedem
409 1917 465 1968 aut
478 1923 623 1968 nummos
639 1903 722 1968 unde
736 1902 821 1967 unde
835 1904 977 1980 extricat,
993 1924 1114 1968 emeras

206 2013 362 2078 Porrecto
372 2014 486 2100 jugulo
501 2014 657 2093 historias,
673 2013 813 2099 captivus
828 2027 873 2091 ut,
889 2012 990 2078 audit.

132 2131 166 2190 90
206 2123 409 2188 Comminxit
422 2122 537 2188 lectum
552 2136 657 2208 potus,
674 2104 820 2187 meushve
835 2121 974 2186 catillum

100 2499 123 2544 76
134 2498 226 2559 quatinus
244 2499 300 2546 edd.
317 2507 369 2546 vett.
433 2502 465 2546 82
482 2499 582 2548 Labieno
600 2499 658 2562 conj.
675 2501 752 2547 Bmtl.
788 2499 889 2546 Lebione
909 2500 944 2545 ed.
964 2499 1028 2546 Glor.
1092 2502 1124 2546 85
1145 2498 1263 2546 Bmtleius'

123 2564 201 2610 acerbus
217 2563 288 2627 veser-t
306 2566 337 2609 ad
355 2579 400 2625 seq.
423 2565 495 2619 odisti,
514 2580 562 2612 um
580 2567 648 2611 mole.
679 2565 825 2626 Atqueidem
839 2579 884 2624 pro
901 2561 970 2618 Quod
985 2563 1045 2626 conj.
1060 2564 1112 2626 quoi
1127 2565 1143 2612 i.
1159 2564 1202 2611 eui.
1234 2563 1262 2610 Ζ.

123 2630 149 2674 86
159 2627 287 2676 Drusonem
295 2629 374 2676 Aldus
383 2629 477 2676 &mum
487 2630 591 2677 munisse
600 2630 695 2678 utetur.

124 2946 149 2990 tt
163 2945 240 2995 decidi
256 2948 365 2995 dicuntur
381 2964 477 3010 quorum
495 2943 579 2996 radices
590 2961 655 2996 exse-
719 2946 751 2995 86
771 2946 876 2996 Octauius
886 2945 951 2996 Ruso
962 2945 1262 3012 ucmheusoenemtorfuists

99 3017 173 3067 notun
188 3011 218 3058 sic
229 3020 251 3060 et
262 3013 385 3074 Virgilius,
398 3015 478 3061 Nouus
484 3015 583 3061 incidere
590 3014 653 3069 tuem
685 3014 791 3069 truditur,
809 3014 862 3059 s'tem
877 3015 971 3072 emptor
987 3014 1150 3067 Hmonomm,
1162 3014 1262 3073 adquae

99 3069 185 3121 herone
196 3083 291 3125 utuntur
303 3077 399 3125 Medici.
685 3079 812 3125 audiendos
821 3079 931 3143 sigmflcut
940 3079 1031 3126 solitum
1038 3077 1116 3142 juisse
1131 3092 1206 3138 cogere
1222 3077 1262 3123 de-

124 3140 150 3184 78
164 3141 281 3189 Rationem
308 3141 476 3206 Philosophiam
499 3143 569 3190 dixit:
604 3143 654 3190 haec
686 3141 764 3194 ht'tores
774 3156 833 3189 neos.

99 3201 145 3247 enin
159 3206 267 3253 omnisod
284 3206 415 3262 Rationem,
434 3215 459 3254 ut
478 3208 506 3254 nd
516 3208 616 3270 pondera
631 3215 655 3255 et
718 3211 749 3253 87
771 3207 854 3253 umes
871 3207 990 3262 cauam·
1012 3207 1104 3270 pseudo
1110 3206 1194 3272 sunus
1212 3211 1262 3252 erat

99 3277 195 3315 uersum
204 3272 283 3333 exigit.
638 3325 640 3330 Ι
683 3273 863 3332 persolvendum.

122 3333 146 3377 81
162 3333 277 3394 Ligurum
288 3343 326 3384 est
342 3337 419 3384 suevia
429 3337 555 3398 degustare,
569 3336 654 3384 nLiu-
717 3337 789 3382 Miser
800 3343 835 3382 est
846 3335 883 3396 qui
895 3336 1005 3382 cruciatur
1017 3336 1099 3383 animo.

97 3397 299 3460 macutum.
717 3404 749 3447 88
766 3401 894 3448 Mercedem
902 3408 943 3448 aut
950 3415 1063 3456 nummos,
1074 3407 1261 3450 usurusuutsor·

116 3462 147 3532 'st
161 3463 195 3510 M.
210 3465 327 3512 Amistius
343 3466 426 3521 Labeo,
444 3466 576 3521 Praetu-ius,
588 3465 654 3513 Jurts
685 3473 739 3512 unu

98 3529 151 3571 dum
162 3529 251 3586 peritus,
270 3531 474 3576 utcmorlibertotis
484 3531 510 3576 iu
521 3546 567 3592 quo
583 3538 654 3576 notus
724 3531 797 3584 Unde,
808 3531 885 3584 uude,·
902 3530 1015 3576 alicunde.

97 3596 140 3642 mh
155 3594 224 3639 multo
242 3596 408 3641 mmunmciter
417 3597 523 3642 udueruss
541 3597 653 3641 Casurum
718 3595 852 3640 Eumcotur
863 3595 923 3655 quod
934 3609 1022 3640 summa
1032 3592 1262 3656 difficultateexpedi·

98 3651 158 3699 dhisse
176 3665 196 3703 et
203 3658 287 3721 secuse
302 3660 394 3716 Mur,
405 3660 568 3720 propterquod
586 3674 651 3706 nuuc
684 3665 728 3705 tur.
761 3657 856 3722 Proprie
867 3659 977 3705 extricant
993 3674 1017 3705 se
1028 3673 1081 3705 aves
1092 3675 1105 3706 e
1116 3658 1178 3706 tricis
1189 3673 1258 3705 aucu-

98 3714 192 3790 doute
211 3724 310 3770 adulam
332 3723 444 3783 Augusto,
466 3725 576 3771 insonum
597 3738 651 3771 eum
682 3738 743 3785 pum,
755 3738 810 3784 quas
823 3721 994 3788 Graecisgt'xue
1008 3730 1098 3769 vocant.

97 3779 144 3828 dm¹·
715 3791 747 3834 89
775 3789 881 3834 Porrecto
902 3787 1002 3849 jugulo5
1031 3795 1136 3850 tunquam
1158 3786 1260 3848 captivus

120 3847 147 3891 83
161 3846 212 3898 Hoc
232 3859 326 3913 peccato
345 3852 370 3898 iu
388 3868 478 3900 servum
499 3852 651 3915 ligurritorem
682 3852 750 3898 morti
765 3852 879 3899 addictus:
901 3868 952 3898 nem
964 3853 1042 3899 occidit
1051 3853 1148 3912 legendo,
1165 3859 1190 3897 ut
1206 3851 1260 3897 alias

96 3911 197 3984 conmisso
213 3924 297 3976 quanto
314 3918 388 3979 majus
397 3925 432 3964 est
445 3918 505 3972 illud,
518 3918 578 3978 quod
592 3932 652 3963 nunc
684 3924 762 3964 noster
780 3917 823 3979 (A.
841 3915 868 3962 P.
880 3913 958 3976 extr.)·
990 3916 1055 3978 Ergo
1077 3916 1160 3977 duplex
1181 3914 1259 3960 condi·

96 3978 155 4021 mm
171 3977 258 4026 dicam?
276 3981 339 4028 Nam
358 3982 454 4028 amicum
470 3982 563 4044 perdere
580 3983 652 4044 majus
684 3981 716 4028 tio
727 3982 841 4043 proposita
851 3989 899 4030 erat
909 3981 1043 4028 debitoribus
1054 3980 1170 4028 Rusonis:
1184 3979 1259 4025 solve-

96 4043 190 4113 Qifftutm
208 4059 298 4092 servum
314 4047 407 4109 gravius
423 4062 489 4110 quam
505 4062 546 4109 par
558 4055 606 4093 erat
617 4047 652 4093 ul·
684 4056 735 4092 rent
745 4045 835 4104 foenus;
856 4047 875 4092 si
885 4048 928 4092 hoc
940 4061 986 4093 non
996 4052 1098 4108 possent,
1110 4043 1212 4090 audirent
1223 4057 1259 4091 re·

97 4113 146 4150 Μ·
578 4155 581 4160 ,
683 4111 789 4158 citantem
799 4129 805 4157 z
819 4111 930 4173 posterius
939 4111 1038 4172 gravius.

120 4170 147 4213 85
161 4170 212 4220 Nus'
221 4176 335 4232 concedes,
352 4177 374 4224 h.
384 4191 405 4223 e.
423 4175 444 4223 ei
454 4175 555 4224 remittes
565 4181 589 4223 et
596 4190 650 4223 con·
715 4179 746 4223 90
764 4177 869 4231 Lectum
881 4176 904 4222 in
916 4191 961 4238 quo
972 4175 1056 4222 scilicet
1066 4173 1176 4220 coenabet.

97 4227 161 4278 dorm
599 4235 602 4242 “
717 4241 816 4297 mmm.
839 4255 921 4304 pervus
942 4246 990 4289 erat
1011 4238 1113 4296 catinum
1141 4236 1165 4290 a
1189 4233 1256 4298 Rut-

121 4296 193 4347 Acerbt'
201 4303 290 4366 proprie
301 4311 354 4353 sunt
364 4303 452 4354 fructus
462 4305 582 4353 immaturi.
684 4303 772 4366 tinuit.
