2954 5022
26 323 28 340 ¹
123 361 152 396 ,2
175 380 180 390 .
321 397 328 420 ,Α
346 403 349 408 ,
367 410 369 416 s
386 307 732 390 EPISTOLARUM
755 321 831 386 Lis.
854 321 881 386 1.
908 329 958 386 ra·
1201 327 1258 388 alr

422 660 725 756 ,amaruan
758 661 875 775 XVI,

523 879 572 926 AD
591 879 807 935 QUINCTIUM.

84 1067 151 1113 litam
169 1065 257 1112 dmtom
275 1063 445 1127 oequorrimt’tatc
464 1069 571 1118 cortstare,
590 1071 611 1110 et
628 1065 762 1110 comeaeris
781 1077 840 1110 oerae
857 1063 954 1138 mutus.
973 1061 1002 1138 Β.
1021 1061 1160 1138 'Quinctius
1177 1062 1258 1139 Hirpi-

106 1127 812 1256 tlttltilllsstt‘lttlslssnli‘sslttiiiaessil
822 1127 1258 1254 {l}¹lul¹¹tlttltllitflttt

106 1259 177 1306 laude.
212 1259 271 1306 Huic
281 1259 351 1320 igitur
369 1257 508 1320 percontanti
527 1256 626 1304 devillae
645 1257 752 1304 reditibus
771 1257 871 1304 rescribit
889 1256 982 1312 Noster,
994 1257 1022 1304 de
1033 1257 1139 1304 reditibus
1150 1271 1196 1302 non
1207 1272 1257 1303 esse

106 1324 164 1384 quod
175 1325 260 1378 scribat,
271 1339 323 1370 curn
335 1323 373 1369 illa
384 1321 437 1368 villa
448 1321 476 1367 ob
492 1322 549 1368 situs
562 1322 716 1368 arnoenitatem
736 1322 932 1398 salubritatemque
947 1321 998 1368 coeli
1016 1321 1056 1368 sibi
1067 1321 1170 1382 placeret,
1182 1320 1257 1382 ibique

109 1389 239 1450 secorporis
249 1388 377 1435 valetudine
388 1395 449 1433 reeta
466 1392 489 1432 et
507 1385 667 1446 tranquillitate
683 1386 751 1432 animi
768 1385 820 1432 frui.
853 1385 904 1432 Tibr
915 1401 969 1432 vero
980 1386 1023 1433 alia
1034 1385 1124 1432 vivendi
1136 1386 1192 1432 ratio
1203 1401 1256 1447 pron

104 1453 174 1507 batur,
187 1468 231 1508 nec,
242 1452 320 1507 fateor,
331 1452 391 1499 male
403 1450 467 1503 vivia,
480 1450 498 1496 si
514 1465 561 1496 non
576 1451 644 1497 modo
655 1451 732 1505 videri,
745 1451 784 1496 sed
801 1457 825 1496 et
843 1465 893 1496 ease
910 1451 983 1498 bonus
999 1451 1084 1498 studes.
1120 1449 1153 1496 At
1168 1465 1255 1504 vereor,

106 1533 134 1563 ne
145 1517 247 1564 virtutem
257 1517 281 1563 in
291 1525 386 1564 externa
396 1515 470 1576 specie
481 1515 588 1576 vulgique
599 1515 705 1577 opinione
716 1515 764 1562 sola
776 1529 853 1576 ponas.
889 1513 949 1568 Quae
960 1531 997 1562 res
1008 1521 1043 1561 est
1053 1529 1117 1569 vana,
1129 1515 1202 1562 aliena
1212 1515 1255 1560 mi-

106 1597 194 1643 nusque
209 1582 296 1637 stabilis,
318 1596 389 1642 eaque
407 1593 453 1640 non
471 1579 545 1641 magis
563 1579 612 1641 oapi
630 1579 808 1642 sapiensdebet,
828 1593 895 1640 quam
913 1578 1005 1626 infamia
1022 1579 1079 1626 falsa
1095 1579 1181 1626 terreri.
1214 1579 1258 1624 Vir

105 1647 178 1692 bonus
187 1653 219 1694 est
228 1647 317 1693 virtutis
327 1660 411 1699 amore,
423 1658 469 1689 non
481 1658 556 1704 poenae
566 1651 628 1690 metu
637 1660 644 1700 ς
661 1651 728 1704 atque
739 1659 791 1690 curn
803 1653 896 1690 externa
912 1645 972 1690 bona
988 1659 1034 1690 non
1051 1643 1201 1706 magnifaciat,
1213 1659 1256 1690 neo

106 1711 161 1757 adeo
181 1717 260 1759 induat
279 1717 303 1758 et
318 1710 399 1772 cupiat,
416 1715 451 1754 est
470 1723 524 1754 vere
538 1707 595 1754 liber
614 1709 736 1756 habendus.
777 1707 840 1755 Nam
859 1709 897 1770 qui
916 1709 974 1756 mori
993 1715 1075 1772 potest,
1095 1708 1114 1755 is
1135 1708 1187 1772 cogi
1209 1724 1262 1755 non.

109 1783 189 1836 potest.

116 1924 119 1928 ’
199 1910 251 1976 Na
266 1914 471 1996 perconteris,
487 1912 603 1981 fundus
618 1937 717 1995 meua,
734 1917 853 2004 optime
869 1915 1014 1995 Quincti,

198 2022 286 2100 Arvo
300 2034 409 2106 pascat
423 2023 546 2104 herum,
565 2049 606 2090 an
621 2026 724 2092 baccis
740 2028 902 2113 opulentet
915 2026 1018 2105 olivae,

201 2113 362 2215 Pornidne,
379 2155 419 2196 an
435 2137 543 2219 pratis,
559 2159 600 2200 an
615 2125 728 2202 amicti
743 2137 857 2200 vitibus
872 2136 959 2201 ulmo
969 2161 984 2201 ε·

201 2243 364 2307 Scribetur
378 2243 434 2308 tibi
449 2243 551 2308 forma
564 2245 747 2331 loquaciter,
764 2261 796 2313 et
809 2246 887 2310 situs
902 2247 979 2334 agri.
1026 2309 1027 2314 ,
1061 2287 1063 2292 -

141 2363 158 2415 5
199 2353 350 2417 Continui
366 2367 498 2432 montes,
516 2355 575 2420 niel
591 2355 799 2420 dissocientur
813 2345 913 2440 opaci

196 2461 305 2542 Valle3
328 2463 385 2527 sed
401 2478 436 2530 ut
450 2465 579 2530 veniens
594 2465 742 2530 dextrum
757 2466 838 2530 latus
853 2466 983 2551 aspiciat
1000 2467 1066 2544 Sol,

198 2572 330 2636 Laevum
345 2573 502 2640 decedens
517 2597 613 2638 curru
626 2574 766 2662 fugiente
781 2588 921 2660 vaporet.

195 2681 397 2768 Temperiem
412 2684 532 2749 laudes.
577 2683 691 2761 Quid?
712 2685 738 2748 si
753 2685 929 2750 rubicunda
943 2673 1080 2774 benigne

197 2792 303 2856 Corna
318 2816 429 2879 vepres
443 2809 476 2860 et
487 2817 593 2880 pruna
607 2793 738 2859 ferunt?
761 2795 788 2858 si
802 2816 937 2880 quercus
952 2810 984 2861 et
998 2798 1061 2862 ilex

122 2910 156 2964 10
197 2889 304 2968 Multis
317 2904 409 2990 fruge
428 2927 536 2990 pecus,
553 2889 652 2976 multia
666 2904 931 2990 dominumjuvat
944 2895 1083 2974 umbri?

193 3013 292 3078 Dicas
306 3013 478 3079 adductum
491 2999 623 3101 pro'pids
637 3014 785 3079 frondere
800 3014 985 3088 Tarentum.

196 3123 281 3187 Fons
297 3123 392 3188 etiam
407 3125 474 3189 rivo
489 3123 566 3188 dare
580 3147 697 3188 nornen
711 3123 856 3203 idoneae,
873 3139 908 3190 ut
922 3149 981 3191 nec
1086 3111 1090 3117 ⁷

199 3233 359 3320 Frigidior
374 3233 533 3300 Thracam
548 3258 608 3299 neo
622 3236 732 3320 purior
746 3235 865 3300 ambiat
881 3235 1029 3314 Hebrus3

194 3341 328 3407 Infirma
342 3343 437 3428 capiti
451 3344 520 3410 fluit
535 3345 629 3423 utilis,
645 3345 730 3410 utilis
744 3345 825 3409 alvo.

81 3517 94 3562 2
106 3515 159 3564 bacis
169 3517 239 3569 MSS.
249 3534 288 3580 cp.
302 3519 373 3580 eno.
382 3520 410 3566 it.
428 3520 458 3568 G.
470 3522 493 3568 S.
512 3521 565 3569 Vm.
577 3521 661 3568 Lamb.
758 3524 775 3568 3
791 3523 900 3584 pomisne,
916 3526 948 3571 sic
962 3528 1014 3573 add.
1025 3537 1077 3576 vett.
1090 3539 1112 3576 et
1123 3532 1201 3578 ΒΜ.
1213 3533 1254 3592 qui

102 3585 515 3644 ynnetreposuitancacoddmeote:
534 3586 695 3634 namsicsolet
707 3587 807 3633 Noster:
826 3603 880 3635 uc.
893 3589 1003 3649 ΕΜΔ.
1017 3596 1057 3640 13.
1070 3595 1145 3654 Epist.
1157 3597 1252 3645 Lae.

106 3647 126 3692 1.
140 3650 366 3696 11.4.I.ts.102.
390 3648 418 3695 Z.
499 3653 515 3697 't
531 3650 648 3698 discedens
665 3652 715 3698 cdd.
733 3658 783 3697 vett·
802 3652 939 3700 descendens
957 3657 1021 3702 codd.
1037 3660 1154 3706 2Bersm.
1236 3665 1252 3706 9

105 3710 265 3759 lerantetmoe
270 3713 337 3774 juvet
346 3714 397 3760 edd.
409 3721 460 3760 cett.
546 3719 573 3761 11
592 3715 672 3762 llorere
683 3717 735 3762 MS.
747 3717 837 3763 serm
936 3721 965 3764 13
983 3717 1009 3782 [†
1026 3721 1138 3770 Three-arn
1149 3725 1252 3772 scribitur

103 3776 126 3821 in
142 3778 286 3824 mammonae
307 3777 424 3825 Leidcrrsis
444 3778 586 3826 Bibliothecae
603 3781 683 3834 codice,
702 3787 754 3826 teste
772 3781 867 3828 Heinsio
885 3783 916 3828 od
941 3783 996 3831 ovid
1018 3786 1088 3835 tim.
1111 3791 1132 3835 l.
1159 3792 1180 3836 1.
1200 3787 1251 3852 2l.]

106 3842 132 3886 14
147 3841 196 3888 fluit
207 3849 273 3904 aptus
284 3849 308 3889 et
318 3843 341 3888 S.
353 3844 381 3888 Ζ.
392 3843 457 3890 Med.
472 3845 542 3890 1477.
574 3843 601 3890 Ζ.
1246 3902 1250 3906 ,

256 3963 366 4013 EPIST.
383 3965 457 4014 XVI.
710 3972 726 4014 5
745 3966 826 4016 Ustica
837 3976 860 4016 et
871 3967 1000 4026 Lucretilis.

107 4031 115 4073 1
133 4029 244 4086 Fundus,
255 4045 310 4090 agor
319 4039 351 4078 ert
362 4046 417 4078 cum
427 4031 527 4095 aedificio.
711 4037 727 4078 7
750 4033 868 4093 Vaporore,
886 4041 921 4081 est
937 4051 1071 4096 quocunque
1086 4039 1154 4085 modo
1173 4039 1254 4087 calefa-

105 4093 149 4140 Hic
164 4102 214 4141 erat
227 4095 258 4148 Q.
271 4095 395 4155 Hirpinus,
407 4097 435 4141 de
446 4111 490 4156 quo
503 4095 544 4143 Od.
555 4097 580 4142 2.
594 4098 632 4143 11.
680 4112 739 4144 ecre.
1073 4112 1075 4116 ·

104 4158 225 4206 trimum
245 4174 301 4219 ager
329 4160 412 4207 dictim
434 4161 510 4220 segetia
527 4159 599 4224 sem
623 4167 645 4206 et
713 4165 739 4208 ll
759 4163 823 4210 Noto
835 4163 962 4211 Horatium
977 4164 1003 4210 in
1022 4165 1091 4212 Ilattia
1108 4166 1166 4212 niltil
1183 4170 1255 4228 magis

77 4223 358 4287 praepomtursfntmento.'
677 4227 772 4274 laudm
782 4243 853 4288 quam
868 4229 940 4275 Tibur
948 4236 971 4275 et
985 4229 1121 4278 Tarentum.

106 4287 119 4330 l
134 4287 285 4350 Loquoeiter,·
302 4303 348 4336 non
365 4289 425 4349 quod
441 4289 513 4336 multa
529 4289 594 4345 dicat,
606 4288 645 4336 sed
713 4294 741 4338 12
759 4293 823 4339 Fons
841 4294 999 4350 Banduaiaua,
1010 4310 1023 4340 c
1033 4311 1077 4357 qao
1088 4297 1150 4344 rium
1164 4296 1257 4359 quiDi·

81 4351 130 4410 quod
140 4352 166 4400 de
176 4353 227 4406 ‚suis
237 4360 321 4416 crepet,
335 4359 360 4401 ut
371 4353 418 4402 lere
429 4355 504 4402 solent
514 4353 633 4416 loquactdi.
680 4356 757 4416 gerula
768 4357 858 4406 ἀίσὶιιιν.
1185 4389 1187 4394 -
