2964 5022
187 347 247 407 146
546 336 589 413 Q.
614 329 823 400 HORATII
846 329 1018 398 FLACCI

316 513 352 580 Si
366 513 485 576 chartoe
500 510 613 576 sileant
627 506 715 596 quod
729 503 947 582 benefeceris,

209 645 211 650 ·
315 623 501 690 Mercedem
515 619 633 686 tuleris.
679 615 769 694 Quid
782 615 863 682 foret
878 613 947 680 llioe

316 733 536 822 Mavortisque
550 753 641 817 puer,
657 729 685 792 si
698 725 895 792 taciturnitas

319 844 472 914 Obstaret
485 841 604 908 meritis
618 837 726 904 invide
737 834 895 902 Romuli?

231 965 274 1026 25
317 956 474 1040 Ereptum
487 951 603 1040 Stygiis
616 947 764 1014 fluctibus
779 946 918 1012 AEacum

318 1067 428 1131 Virtus
443 1078 475 1131 et
487 1064 576 1129 favor
590 1074 622 1127 et
635 1061 745 1146 lingue
757 1056 936 1144 potentium

323 1178 443 1243 Vatum
458 1172 606 1240 divitibus
621 1184 786 1236 consecrat
799 1168 919 1234 insulis.

320 1289 473 1354 Dmnuiu
488 1281 581 1349 laude
596 1281 699 1347 virum
715 1277 812 1346 Musa
827 1290 911 1344 vetat
924 1276 1024 1354 mori;

323 1395 414 1461 Coelo
430 1391 528 1458 Musa
541 1392 623 1457 beat.
669 1389 722 1457 Sic
735 1389 824 1458 Jovis
838 1391 968 1456 interest

238 1517 280 1584 30
323 1506 449 1592 Opts-tis
464 1504 564 1591 epulis
579 1500 715 1590 impiger
732 1499 906 1568 Hercules:

324 1617 454 1682 Clurum
470 1613 666 1702 Tyndaridae
680 1611 767 1678 sidus
781 1612 822 1678 ab
836 1611 953 1690 infimis

323 1727 465 1805 Quassus
480 1726 618 1812 eripiunt
632 1722 813 1813 aequoribus
828 1735 931 1788 rates:

324 1837 466 1902 Ornatus
480 1835 573 1900 viridi
587 1848 732 1922 tempora
744 1833 897 1920 pampino

324 1947 421 2014 Liber
435 1959 509 2013 vota
522 1946 623 2012 bonos
637 1946 725 2012 ducit
738 1943 780 2010 ad
790 1945 904 2010 exitus.

667 2603 795 2688 ODE
826 2604 904 2686 IX.

675 2865 725 2914 AD
743 2863 912 2916 LOLLIUM.

660 3057 764 3105 Meemm
774 3067 801 3106 ut
811 3060 838 3105 in
848 3066 938 3120 qsmrra.

333 3234 386 3299 Nn
402 3234 482 3299 forte
496 3234 606 3300 credas
622 3235 796 3316 interitura,
813 3259 886 3324 quae

333 3346 447 3433 Longe
461 3358 625 3411 sonantem
639 3361 731 3412 natus
747 3347 787 3412 ad
803 3347 968 3427 Aufidum,

369 3455 454 3521 =Non
469 3470 541 3522 ante
555 3457 696 3545 vulgatas
710 3481 769 3545 per
783 3477 866 3527 artes

421 3565 529 3632 Verba
542 3567 657 3660 loquor
672 3569 820 3634 sedanda
830 3569 971 3636 chordis.

657 3746 673 3792 r
688 3745 767 3807 loquar
776 3747 837 3794 edm.
844 3747 935 3806 prim

235 3901 268 3946 27
284 3897 414 3952 Donum
431 3897 585 3945 Inntbsdieit
595 3897 686 3960 peusin
696 3896 786 3944 Ooeono
818 3913 873 3961 ergo
891 3905 944 3947 sunt
959 3897 1009 3954 Dii,
1031 3898 1166 3947 cunninibus
1183 3900 1303 3964 poetarum
1322 3903 1398 3956 deth.

205 3965 337 4011 minuas
360 3963 477 4010 Homems
494 3963 605 4028 Μακάρων
626 3962 707 4014 Ninus
724 3963 784 4017 dimi,
818 3965 868 4011 mii.

205 4029 288 4076 Latini
294 4029 478 4077 finnionem
486 4027 580 4076 Ῑπενὶαε
587 4029 708 4090 appretient.
726 4025 786 4081 Qui·
850 4030 882 4075 34
904 4029 958 4075 Vota
977 4029 1059 4086 bonos,-
1076 4030 1100 4077 b.
1116 4045 1138 4078 e.
1151 4029 1207 4078 deus
1224 4029 1258 4080 iit.
1290 4029 1398 4084 Bacchus

204 4095 246 4142 bus
257 4094 317 4141 enim
334 4093 446 4143 columnae
462 4092 569 4140 Herculis
582 4093 661 4140 mundi
676 4093 785 4138 terminus
817 4100 871 4141 vote
887 4093 955 4151 audit,
972 4095 1024 4142 h.e.
1034 4101 1069 4142 est
1080 4093 1155 4152 Deus,
1167 4109 1249 4158 nempe
1259 4099 1398 4148 carminibus

204 4160 348 4215 habebuntur,
360 4158 425 4206 facile
435 4159 569 4206 inducebant
580 4159 606 4205 in
615 4159 715 4206 animum
727 4155 786 4204 For·
818 4159 943 4221 pobtarum.

205 4232 294 4272 tunutns
307 4223 396 4272 Insidus
407 4223 476 4270 fuisse
486 4223 509 4269 in
524 4222 623 4286 partibus
634 4221 771 4272 Inierorum.
1037 4222 1110 4272 ODE
1127 4223 1175 4272 IX.

237 4292 270 4336 29
286 4291 329 4346 Sic,
341 4289 476 4337 carminibus
486 4287 612 4352 poetarum.
845 4287 865 4335 ἲ
883 4288 963 4336 Natus
974 4289 1134 4355 euripidem,
1151 4291 1174 4339 h.
1185 4307 1206 4340 e.
1224 4288 1277 4340 Em·
1292 4289 1399 4358 Appulus

238 4356 270 4401 ³0
287 4355 394 4416 Impiger,
405 4353 478 4402 fortis.
818 4359 841 4400 et
852 4353 920 4400 rudis.

237 4422 267 4466 31
288 4421 398 4477 Clumm5
427 4418 526 4476 Laetum,
543 4418 613 4468 hilare
634 4425 657 4466 et
680 4433 726 4466 noo
741 4419 786 4466 ire·
851 4420 867 4466 8
884 4420 943 4466 Non
953 4427 1007 4466 ante
1016 4420 1120 4480 vulgans
1125 4443 1134 4476 ,·
1153 4421 1252 4470 ostendit
1263 4435 1288 4469 se
1299 4423 1398 4488 primum

206 4491 262 4534 tum.
292 4485 411 4547 Ermum,
429 4481 589 4549 'cingentibus
603 4499 673 4548 opem
692 4483 782 4534 ferunt:
818 4483 885 4546 hujus
895 4484 950 4535 artis
960 4484 1019 4550 apud
1027 4484 1145 4539 Romanos
1156 4487 1304 4540 conditorem.
