2964 5022
465 311 731 386 CARMINUM
753 310 827 417 L.¹¹³*
844 295 872 378 Ι.
886 322 916 380 6.

196 492 255 557 Et
272 492 401 557 domus
417 491 508 557 exilis
525 487 690 563 Plutonia;
706 507 770 572 quo
785 483 878 548 simul
891 482 1015 565 metiris,

256 602 341 667 Nec
356 625 459 691 regna
473 600 542 664 vini·
552 597 681 662 sortiere
696 595 784 671 talis3

197 712 290 776 Nec
301 725 453 777 tenerum
464 707 607 796 Lycidan
619 705 782 782 mirabere,
794 727 858 792 quo
872 705 952 770 calet
957 708 1107 791 juventus

111 831 154 887 ‘120
259 821 366 886 Nunc
380 819 496 897 omnis,
512 831 545 883 et
558 837 634 882 mox
647 813 783 902 virgines
797 815 958 900 tepebunt.

107 987 136 1031 17
153 983 225 1032 exilii
239 984 304 1046 conj.
321 983 408 1032 Helas.
442 979 469 1045 [†
481 995 549 1043 qaum
558 978 636 1044 offelli!
648 978 754 1038 notgero.
765 977 840 1028 lectt.
858 978 965 1026 Venusia.
971 973 1100 1041 pam-M
1110 974 1191 1024 nau.
1222 975 1251 1024 Z.

588 1447 714 1532 ODE
744 1447 794 1528 V.

567 1709 617 1758 An
634 1705 815 1758 ernanum.

97 1839 147 1886 aa
153 1840 237 1901 paam
247 1854 327 1889 arm
335 1815 395 1889 aa
408 1840 707 1900 curanamactqaaat
718 1838 797 1886 aaa
814 1831 975 1888 eunomus.
989 1836 1127 1892 ΜΨ
1141 1828 1283 1892 Gom·

222 1999 313 2075 Qurs
329 1999 433 2064 multa
446 1999 569 2087 gracilis
584 2013 614 2064 te
624 2021 704 2084 puer
717 1998 751 2061 in
765 2018 839 2060 rosa

172 2155 177 2173 .
225 2107 380 2174 Perfusus
394 2109 521 2195 liquidis
537 2121 649 2198 urguet
662 2106 812 2173 odoribus

273 2217 388 2296 Grato,
405 2218 539 2304 Pyrrha,
556 2219 614 2283 sub
629 2215 746 2283 antro?

320 2327 383 2393 Cui
397 2327 511 2393 flavam
524 2328 637 2414 religas
652 2349 775 2392 comam

143 2449 163 2504 5
229 2437 373 2524 Simplex
386 2435 571 2503 munditiis?
615 2436 691 2502 Heu
706 2436 827 2524 quoties
842 2436 938 2502 fidem

229 2547 435 2634 Mutatosque
449 2548 525 2613 deos
540 2547 636 2626 flebit,
652 2560 684 2612 et
695 2569 806 2632 aspera

275 2658 383 2744 Nigris
397 2681 526 2745 aequora
540 2659 639 2723 ventis

321 2767 671 2846 Emirabiturinsolens,

231 2879 299 2956 Qui
312 2901 395 2943 nuuc
409 2891 441 2943 te
454 2877 573 2962 fruitur
581 2877 727 2942 credulus
742 2899 856 2954 aurea3

154 2998 190 3054 10
233 2989 300 3065 Qui
314 3011 436 3074 semper
447 3011 587 3076 vacuam,
603 3009 727 3073 semper
741 2987 906 3052 amabilem

279 3099 400 3184 Sperat,
416 3099 538 3162 nescius
552 3121 638 3162 auree

318 3207 469 3272 Fallacia!
508 3207 621 3286 Miseri
634 3210 747 3297 quibus

121 3422 132 3466 l
145 3421 205 3468 levas
216 3436 233 3467 r.
243 3434 319 3467 comas
330 3419 382 3468 Mat
391 3421 480 3466 Bemm.
492 3416 521 3467 C.
584 3422 600 3465 5
616 3420 719 3480 quotiens
738 3422 807 3470 MSS.
821 3424 865 3470 trin
876 3425 965 3471 Berua.
977 3422 1007 3476 C.
1070 3428 1086 3472 6
1101 3432 1126 3474 ut
1136 3385 1214 3490 lupera
1223 3426 1282 3490 corp'.

262 3487 323 3533 Coa
386 3488 402 3530 8
420 3483 455 3531 Ut
465 3483 580 3530 mirabitur
589 3484 731 3552 eortngentl.
764 3486 819 3536 Heu
826 3489 940 3536 mirabitur
947 3489 977 3536 ol.
987 3489 1051 3550 αἠιᾰ
1059 3491 1120 3538 (lta.

148 3654 172 3696 17
186 3651 286 3696 Domum
295 3647 430 3702 Plutmtiom
439 3645 540 3708 intelligo
551 3646 634 3695 inferos
641 3647 675 3710 ip·
739 3653 754 3696 6
772 3649 855 3697 Fidem
869 3657 890 3696 et
906 3651 956 3697 deos
969 3659 1045 3698 mutat
1061 3653 1141 3714 puelle,
1156 3667 1208 3700 eum
1226 3652 1281 3702 deor

122 3714 341 3768 msoikmdomum,
353 3713 369 3758 i.
381 3725 481 3766 vacuam,
492 3710 590 3758 inanem.
706 3715 804 3778 perjurio
819 3714 884 3761 fallit.

149 3782 174 3826 18
192 3779 248 3826 Talis
258 3786 293 3825 est
303 3776 481 3838 talorumjactu.
737 3783 753 3824 ’1
771 3780 857 3838 Nigroe
870 3788 945 3826 neruos
961 3779 1021 3834 dicit,
1038 3780 1076 3841 qui
1093 3781 1164 3828 nubes
1175 3782 1280 3830 obscuras

705 3843 771 3897 cient,
784 3857 846 3889 mare
865 3844 961 3890 turbant.
995 3843 1032 3890 sie
1041 3844 1126 3892 Aratea·
1136 3847 1280 3905 mmm,
1307 3841 1311 3850 “

324 3904 398 3954 ODE
416 3903 448 3950 V.
704 3906 771 3968 Virg.
793 3905 882 3968 Georg.
902 3910 926 3955 2.
944 3911 1000 3954 278.
1017 3905 1105 3956 Contra
1123 3909 1196 3956 Albus
1212 3917 1280 3956 notras

148 3975 158 4017 1
175 3973 264 4026 θησὲἰὺ,
276 3971 394 4025 delicatus,
407 3968 509 4017 tenellus.
703 3978 739 4016 est
750 3986 802 4018 mox
814 3975 838 4018 7.
854 3974 891 4018 15.
922 3971 1038 4021 Caetemm
1050 3987 1149 4021 amorem
1161 3973 1280 4021 mulierum
1309 3991 1316 4010 ι

146 4039 159 4082 2
174 4037 278 4100 Pep‘usus,
293 4035 390 4098 largiter
401 4040 489 4087 unctus,
501 4032 622 4081 delibutus:
643 4035 673 4080 li·
703 4035 869 4082 inconstantem
881 4037 955 4084 solent
970 4037 1045 4098 poetae
1055 4045 1107 4085 cunr
1122 4037 1177 4084 mari
1189 4051 1280 4098 compa·

123 4101 179 4161 paid'u
190 4101 289 4155 odur'bue
302 4097 435 4161 unguentis,
448 4097 523 4145 Schol.
533 4107 622 4159 urguet,
639 4106 672 4146 te-
705 4115 755 4145 rare
766 4114 834 4162 raepe.

123 4166 300 4227 nat‚amplectitur‚
314 4163 393 4210 Schol.
735 4165 875 4219 SImolens,
884 4165 993 4222 insuetus,
1009 4166 1108 4213 nondum
1119 4170 1232 4227 expertus.

38 4241 45 4254 ¹
146 4231 159 4275 l
172 4232 212 4284 ttn',
222 4231 242 4276 in
253 4231 320 4293 enjus
328 4229 435 4291 gratiam,
447 4234 473 4273 ut
481 4226 576 4287 placeas.
736 4231 752 4274 9
771 4229 870 4283 Rhoda,
884 4231 990 4289 pulchro,
1002 4231 1108 4290 malrum.

145 4295 347 4356 temptamenta
356 4291 488 4352 simpliciter
496 4293 579 4344 ornam,
588 4291 640 4352 quia
649 4299 673 4338 et
740 4296 768 4338 10
792 4293 867 4338 Vocem
885 4293 970 4348 mulier,
991 4309 1036 4340 non
1054 4299 1162 4355 occupate
1176 4293 1203 4339 ab
1228 4293 1279 4349 alio,

121 4359 157 4405 aine
164 4360 257 4422 exquisito
266 4365 352 4406 ornatu
364 4356 448 4404 viderie
456 4355 543 4420 placere
554 4356 583 4403 ob
593 4357 673 4405 forma
705 4357 743 4404 uni
756 4357 796 4402 soli
808 4372 832 4404 se
843 4359 951 4420 praebens.
962 4358 1090 4406 Antobr'lem
1105 4357 1178 4406 active
1193 4356 1229 4404 hio
1241 4373 1279 4406 ec-

123 4424 183 4474 ailioet
192 4424 349 4489 prestantiam.
706 4421 830 4485 cipiendum
847 4422 942 4469 videtur.
1018 4464 1021 4472 .
