2964 5022
412 316 680 388 CARMINUM
704 315 779 382 Lm.
805 315 831 381 1.
856 323 905 384 st.

132 510 150 566 5
193 498 341 565 Antehac
353 495 450 575 nefas,
466 495 657 581 depromere
672 489 848 556 Coecubum

190 595 291 676 cauis
304 609 403 686 avitis,
419 607 497 672 dum
510 602 672 690 capitolio

236 722 359 809 Regina
374 718 537 784 dementes
552 716 671 792 ruinas,

281 832 390 896 Funus
404 841 437 895 et
451 827 585 914 imperio
598 823 742 911 parabat,

190 941 416 1007 Contaminato
430 959 504 1004 cum
518 958 616 1025 grege
630 933 772 1019 turpium

112 1063 144 1117 10
188 1051 312 1116 Morbo
326 1051 478 1128 virorum,
495 1047 651 1135 quidlibet
665 1046 822 1128 impotens

236 1165 383 1249 Sperare,
398 1159 589 1244 fortunaque
603 1155 689 1220 dulci
725 1215 727 1221 .

278 1273 386 1338 Ebria
433 1269 497 1336 Sed
511 1268 626 1332 minuit
640 1265 780 1330 furorem

185 1388 254 1451 Vix
271 1407 335 1451 une
348 1403 458 1467 sospes
473 1379 561 1444 navis
576 1377 618 1441 ab
632 1375 777 1464 ignibus3

186 1497 400 1584 Mentemque
414 1489 610 1579 lymphatam
627 1483 806 1550 Mareotico

111 1618 143 1673 15
228 1605 370 1692 Redegit
384 1604 418 1666 in
432 1623 523 1666 veros
538 1599 668 1663 timores

276 1717 397 1796 Caesar,
413 1714 454 1778 ab
470 1709 562 1778 Italia
575 1707 735 1772 volantem

187 1827 302 1894 Remis
317 1823 499 1912 adurguens
515 1818 678 1908 (accipiter
692 1816 778 1882 velut

184 1937 309 2002 Molles
323 1933 498 2012 columbas,
514 1943 569 1996 aut
583 1929 726 2015 leporem
743 1927 824 1990 citus

226 2047 374 2112 Venator
389 2047 421 2108 in
437 2043 556 2129 campis
571 2039 684 2106 nivalis

110 2168 145 2224 11)
273 2157 453 2238 AEmoniae)
469 2155 560 2220 daret
573 2166 609 2219 ut
624 2154 741 2218 catenis

186 2270 299 2336 Fatale
314 2279 504 2344 monstrum,
520 2288 592 2353 quae
605 2264 791 2353 generosius

184 2381 298 2446 Perire
313 2400 471 2467 quaerens,
486 2399 546 2442 nec
561 2377 756 2443 muliebriter

226 2489 372 2576 Expavit
386 2511 505 2566 ensem,
520 2510 580 2553 nec
595 2488 728 2554 latentes

33 2691 34 2694 Ἴ
271 2601 387 2666 Classe
401 2600 464 2664 cita
477 2599 636 2684 reparavit
650 2621 742 2663 oras:

112 2721 145 2778 25
187 2715 277 2778 Ausa
293 2724 328 2776 et
338 2713 497 2797 jacentem
512 2709 613 2774 visere
628 2710 748 2797 regiam

185 2824 286 2890 Vultu
303 2844 429 2900 sereno,
446 2820 534 2885 fortis
550 2832 582 2885 et
596 2843 723 2907 asperas

226 2935 387 2999 Tractare
402 2944 574 3017 serpenteS,
590 2943 626 2996 ut
640 2945 744 2997 atrum

85 3090 95 3132 9
107 3090 247 3152 majumam
258 3089 371 3148 Scalrfgcn'
383 3101 499 3149 congrege
509 3089 588 3134 nauto
599 3089 695 3135 damnat
707 3090 786 3136 Berul,
853 3091 882 3135 11
895 3087 1023 3135 Meroetica
1040 3087 1099 3150 conj.
1117 3086 1214 3135 Guictm
1229 3087 1260 3132 od

106 3154 214 3202 Lamnum
225 3155 260 3202 X.
270 3155 332 3200 117.
374 3154 404 3198 15
416 3152 444 3198 ad
455 3167 523 3198 veros
534 3151 592 3213 conj.
603 3154 680 3200 Bentl.
715 3157 745 3200 ts
758 3161 783 3200 ut
790 3154 891 3216 leporem
903 3153 962 3215 conj.
975 3154 1062 3201 Curtia.
1105 3155 1260 3199 temnentem

107 3220 154 3281 corp.
162 3221 236 3267 Betiti.
284 3221 322 3266 26
336 3217 454 3265 Ermum
463 3217 544 3266 muttae
553 3218 722 3280 indentungunt
728 3227 781 3280 post
790 3218 863 3268 torus.

106 3370 117 3413 1
139 3367 260 3422 Dantem
277 3381 293 3412 a
310 3364 428 3412 &mentia
450 3365 536 3427 reginae
559 3367 646 3429 cogita·
713 3370 742 3414 16
760 3367 797 3413 Ab
815 3367 885 3414 Italia
904 3380 966 3412 nunc
981 3365 1043 3412 volat
1066 3363 1194 3428 Cleopatra,
1211 3377 1258 3410 non

87 3439 115 3478 lit
678 3434 741 3494 quasi
751 3433 781 3479 ibi
792 3431 878 3486 fuisset,
891 3431 930 3478 sed
941 3431 1002 3492 quod
1013 3430 1087 3492 paullo
1104 3437 1157 3476 ante
1172 3430 1260 3492 cogita·

109 3500 131 3543 lt
145 3497 250 3544 Videntur
269 3511 324 3544 esse
341 3496 460 3558 spadones,
478 3495 516 3557 qui
537 3495 612 3558 Epod.
623 3500 646 3545 9.
677 3499 716 3544 bat
726 3498 750 3544 in
762 3497 851 3544 Italiam
863 3498 924 3543 ricto
935 3495 1062 3544 Octaviano
1070 3493 1212 3542 descendere.

89 3563 114 3608 u
122 3562 217 3619 dimaon,
228 3571 308 3625 turpes
325 3565 351 3608 et
366 3559 421 3608 foedi
433 3563 462 3608 ob
472 3561 576 3610 morbum
594 3559 645 3609 eor·
712 3567 742 3610 ts
759 3563 840 3609 Molles
848 3562 944 3617 timidas,
963 3561 987 3608 h.
999 3575 1019 3608 e.
1031 3561 1098 3607 corda
1109 3557 1196 3607 molles.

88 3628 129 3685 pon'r
137 3635 157 3674 et
168 3629 240 3674 animi.
444 3655 447 3660 Δ
598 3687 600 3692 Ι
709 3632 741 3674 211
757 3629 870 3674 AEmonia
879 3627 907 3672 ab
914 3629 986 3674 AEmo
994 3627 1141 3680 moruedicta,
1152 3623 1260 3686 siquidm

111 3691 278 3742 reconsuite
301 3693 378 3740 classe
399 3690 502 3746 Antonii,
520 3692 559 3738 vix
575 3707 643 3738 unam
677 3691 795 3740 Thessalia
805 3692 859 3738 olim
871 3691 899 3739 ad
909 3691 1011 3739 'Ibtacas
1021 3691 1153 3754 pertinebat.

89 3757 168 3818 usuum
177 3759 291 3815 mansisse,
303 3757 437 3821 praeton'am
448 3769 530 3819 nempe
541 3756 643 3812 Antonii,
708 3761 738 3804 21
757 3757 840 3805 Fatale
856 3757 934 3803 referri
950 3757 1038 3803 videtur
1049 3756 1078 3802 ad
1088 3753 1179 3817 aliquod
1190 3753 1260 3801 Vati-

90 3836 119 3879 qua
127 3821 256 3885 Cleopatram
273 3838 329 3870 curn
347 3822 395 3868 suis
412 3821 506 3868 navibus
522 3822 586 3868 initio
598 3830 644 3868 sta
677 3822 761 3869 cinium
777 3821 802 3869 in
820 3821 934 3883 Sibyllinis
951 3821 1086 3868 carminibus
1097 3822 1125 3868 de
1138 3836 1165 3868 ea
1181 3835 1260 3882 accep·

89 3885 317 3951 taproetifugtentem
330 3893 424 3934 secutus
432 3893 475 3934 est.
677 3895 734 3934 turn.
770 3887 910 3942 Generosius,
927 3887 1002 3933 minua
1018 3886 1176 3948 ignominiose,
1193 3899 1260 3946 quarn

112 3953 134 3996 n
146 3953 240 4000 Mentem
254 3953 403 4016 lgtmpltatam
422 3951 552 4006 Mareotico,
570 3953 585 3998 i.
601 3952 645 3998 im·
677 3953 696 3998 ai
707 3953 759 3998 viva
770 3959 835 4014 capta
846 3951 933 3999 fuisset.

90 4015 203 4072 prudentiam,
219 4027 242 4065 et
257 4017 385 4066 amentiam
400 4016 511 4078 quandam
528 4017 555 4063 ab
574 4017 645 4063 ebrie·
710 4018 825 4072 Lateutes,
841 4018 934 4063 infimas
949 4017 1048 4078 AEgypti
1063 4016 1168 4076 regiones.
1202 4011 1262 4068 Qui·

91 4087 259 4130 aeconomum.
493 4118 494 4121 η
676 4083 718 4129 bur
729 4083 778 4144 ipsa
788 4081 858 4128 latere
868 4082 986 4143 potuisset.

112 4143 166 4194 Juxta
182 4149 283 4210 paludem
306 4145 463 4195 Mareotidem
486 4147 509 4192 in
532 4145 644 4208 AEgypto,
709 4149 742 4195 24
760 4148 890 4206 quruvit,
907 4147 962 4193 h.e.
977 4145 1100 4207 requisivit

93 4209 146 4257 mum
154 4221 196 4259 erat
205 4213 429 4276 praestantissimum.
447 4210 563 4273 Significat
575 4209 645 4260 Cleo-
709 4215 742 4259 25
759 4210 822 4257 Ordo
834 4221 881 4258 est:
902 4227 948 4258 non
959 4209 1020 4273 fugit
1029 4211 1053 4256 in
1064 4210 1120 4263 loca,
1138 4207 1175 4254 ubi
1191 4207 1261 4255 latere

93 4278 223 4340 tatamipaam
233 4279 341 4326 virosam
358 4277 430 4324 luisse
441 4291 505 4338 aeque
515 4284 582 4338 atque
594 4277 645 4324 An·
677 4277 787 4340 potuisset
803 4283 827 4323 et
836 4277 920 4322 bellum
936 4290 1045 4338 reparare,
1063 4275 1102 4320 sed
1113 4288 1167 4321 ausa
1186 4280 1220 4320 est
1238 4289 1262 4320 se

96 4340 162 4388 udum.
677 4341 780 4388 conferre
799 4340 960 4387 Alexandriam
987 4341 1066 4402 ipsam,
1089 4339 1154 4386 vultu
1175 4347 1261 4386 metum

98 4407 150 4517 ὦ
149 4405 210 4456 Initio
221 4409 324 4458 Actiacae
336 4421 423 4470 pugnae
436 4403 556 4472 Cleopatra
566 4407 644 4469 lugam
678 4422 769 4454 omnem
780 4405 941 4453 dissimulante.

150 4483 209 4521 verat

1044 4536 1085 4597 *a
