2972 5020
204 326 266 384 308
508 369 512 378 .
561 314 846 395 .Q..HoitAT11
869 315 1040 383 FLACCI

307 463 323 506 ‘¹
336 486 368 552 O
383 487 476 566 cives,
492 488 585 566 cives,
602 488 771 575 quaerends
784 489 917 573 pecunia
931 466 1067 573 primdm
1083 498 1149 562 est3

308 576 324 613 ‘¹
339 597 449 662 Virtus
463 613 536 687 post
550 577 805 664 nummosi.haec
819 600 917 664 Janus
933 619 1073 662 summus
1087 595 1127 659 ab
1142 595 1206 657 imo

254 719 293 774 55
339 707 514 784 Producet3
536 708 604 772 haec
619 710 763 774 recinunt
771 711 903 794 juvenes
917 691 1033 772 diciata
1047 724 1209 790 senesque,

337 819 437 883 Laevo
452 818 727 916 suspensiqloculos
743 819 944 905 tabulamque
957 817 1083 880 lacerto.

338 929 398 993 Est
412 929 534 991 animus
550 927 616 1005 tibi,
629 942 702 992 sunt
716 951 830 1006 moros,
843 941 891 992 est
904 927 1012 1013 lingua
1025 923 1184 1009 fidesquet

342 1037 404 1103 Sed
420 1037 655 1124 quadringentis
670 1061 726 1104 sex
741 1052 859 1124 septem
876 1037 973 1100 millia
986 1035 1109 1109 desint3

340 1147 434 1211 Plebs
448 1148 519 1212 eris.
565 1149 611 1213 At
624 1150 714 1234 pueri
728 1133 970 1224 ludentesJ‘Rex
983 1133 1168 1220 erisJ’aiunt,

248 1271 296 1346 ‘60
316 1246 330 1283 ⁴
342 1257 376 1322 Si
390 1231 480 1321 recte
490 1248 614 1322 i'acies.”
639 1257 710 1323 Hrc
725 1280 833 1321 murus
848 1256 985 1321 aheneus
999 1264 1077 1328 esto,

342 1367 397 1430 Nil
411 1369 552 1433 conscire
566 1369 635 1445 sibi,
651 1351 740 1431 nullri
752 1367 922 1452 pallescere
936 1351 1039 1448 culpis.

342 1475 467 1555 Roscia,
483 1477 533 1541 dic
548 1477 650 1554 sodes,
667 1477 776 1540 melior
790 1476 854 1553 lex,
869 1497 909 1538 an
924 1495 1094 1558 puerorum
1110 1483 1158 1534 est

342 1585 465 1664 Naenia,
481 1611 552 1674 quae
567 1607 699 1672 regnum
714 1565 801 1648 recte
813 1584 996 1648 facientibus
1011 1583 1112 1659 offert,

342 1695 385 1759 Et
399 1697 537 1760 maribus
553 1696 657 1760 Curiis
672 1707 704 1758 et
717 1695 882 1758 decantata
898 1692 1064 1758 Camillis?

257 1815 298 1870 65
343 1789 416 1870 ls‘ne
431 1806 487 1870 tibi
503 1785 612 1870 melitis
628 1803 748 1880 suadet,
764 1787 911 1890 qui,‘'rem
927 1802 1019 1866 iacias
1028 1827 1037 1879 ;
1059 1824 1126 1866 rem

324 1898 380 1980 “Si
394 1916 494 2000 possis
509 1901 613 1991 recte3
635 1914 662 1978 si
677 1935 752 1991 non,
768 1934 956 1999 quocunque
970 1911 1065 1975 modo
1081 1933 1146 1976 rem
1158 1897 1186 1989 ;”

343 2025 390 2090 Ut
403 2011 533 2109 propids
548 2036 669 2110 spectes
683 2022 848 2087 lacrimosa
862 2026 1007 2107 poemata
1023 2022 1106 2109 Pupi
1119 2047 1127 2085 z
1138 2071 1166 2082 ..

345 2135 399 2199 An
413 2135 478 2221 qui,
494 2134 628 2199 fortunis
643 2147 673 2198 te
688 2154 872 2216 responsare
887 2131 1032 2216 superbae

341 2243 495 2314 Liberum
510 2257 542 2310 et
555 2255 704 2320 erectum,
717 2264 856 2328 praesens
870 2240 1015 2306 hortatur
1029 2254 1061 2306 et
1074 2245 1185 2327 aptat?

260 2361 301 2423 70
346 2333 443 2430 Qubd
459 2353 485 2416 si
499 2376 550 2418 me
564 2353 700 2439 populus
717 2353 881 2416 Romanus
895 2333 978 2415 forti?
990 2363 1089 2438 roget,
1105 2374 1162 2416 cur

215 2579 246 2622 55
264 2572 375 2620 Perdocet
392 2574 420 2620 Ζ.
437 2573 501 2618 Med.
522 2576 592 2620 1555.
625 2571 743 2621 Praedocet
762 2575 777 2619 2
795 2573 867 2620 Mes.
889 2573 959 2633 qu.
979 2573 1019 2619 Fl.
1036 2573 1130 2618 Versum
1148 2574 1180 2618 58
1195 2580 1250 2619 ante
1266 2576 1299 2620 57
1312 2573 1402 2634 mauri,

246 2647 267 2685 et
282 2640 345 2685 hunc
360 2654 375 2682 a
396 2637 440 2683 Sed
457 2638 538 2696 insequi
548 2639 619 2684 araus
629 2640 682 2685 MS.
692 2639 823 2684 auctoritate
838 2638 960 2696 Cmquius,
979 2651 1047 2696 quem
1063 2637 1134 2682 secuti
1149 2637 1225 2683 aena.
1241 2638 1319 2685 Marti.
1339 2641 1404 2686 Oua.

247 2704 332 2750 Saaad.
367 2701 412 2748 Sed
426 2702 507 2747 tatas
526 2703 593 2748 MSS.
611 2703 695 2761 plures,
713 2704 781 2748 etium
804 2702 832 2749 G.
872 2703 931 2748 Inde
947 2715 997 2747 vero
1011 2701 1184 2760 traruqrosr'tiorris
1200 2704 1356 2749 necessitatem
1376 2717 1403 2748 eo

246 2769 324 2814 adara
339 2767 432 2825 calligas,
444 2767 503 2826 quod
518 2766 575 2812 illud
587 2765 631 2812 Sed
640 2775 709 2826 potest
718 2767 818 2812 lardicare
834 2766 996 2812 aecusatioaem
1006 2780 1128 2811 aceruum
1137 2767 1216 2812 amasa
1228 2781 1271 2826 per
1282 2769 1402 2814 solennem

247 2832 333 2891 ellipsin
344 2831 486 2876 castanaii
493 2831 607 2889 quaesta
619 2830 690 2876 Gesn.
702 2832 816 2891 Equidem
826 2831 852 2875 ob
862 2845 940 2876 seusus
949 2830 1082 2888 elegantiam
1092 2836 1113 2874 et
1123 2830 1231 2876 librarem
1241 2833 1403 2878 murmurem

246 2902 336 2942 umam
350 2910 403 2940 rum
417 2895 494 2940 Beati.
532 2895 600 2953 Vulgo
619 2903 697 2942 autem
707 2896 755 2942 sic:
782 2893 807 2940 Si
826 2893 993 2955 quadringentis
1010 2908 1051 2939 sex
1066 2901 1151 2955 septem
1168 2894 1237 2940 millia
1251 2895 1342 2952 desunt,
1355 2895 1403 2943 Est

247 2959 335 3006 unimus
346 2959 391 3014 tibi,
409 2965 462 3004 sunt
473 2973 554 3012 mores,
566 2958 676 3020 etlingua
687 2958 792 3020 fidesque.
815 2959 842 3005 Ζ.
906 2961 937 3004 67
955 2957 1028 3019 Puppi
1038 2958 1098 3017 vulg.
1131 2956 1205 3020 Puppi
1215 2959 1301 3006 Lumb.
1367 2962 1402 3006 69

248 3030 311 3086 optat
321 3023 382 3082 radg.

216 3185 364 3231 constantiam
384 3192 407 3231 et
426 3185 541 3232 stultitiam
564 3187 687 3246 hominurn,
707 3187 744 3248 qui
767 3187 790 3233 in
822 3187 992 3246 sesvelreptem
1004 3185 1075 3231 mallia
1085 3187 1181 3240 desunt,-
1201 3185 1401 3248 sidereiiquoest

218 3265 257 3296 ore
278 3249 367 3309 quidem
387 3249 482 3295 habeant
507 3252 636 3311 praecluram
658 3253 791 3299 sententiam
823 3253 915 3298 aniarus
933 3250 1070 3297 tihi—Plebs
1090 3252 1140 3296 eni.

222 3314 292 3359 Vilius
301 3321 422 3372 argaitum
438 3314 476 3360 sed
494 3316 534 3361 sub
552 3316 629 3362 eodem
646 3323 752 3378 ternpore,
773 3315 791 3361 si
856 3318 887 3361 59
907 3316 972 3361 Plebs
982 3316 1039 3369 eras,-
1058 3314 1073 3360 i.
1084 3329 1104 3360 e.
1114 3316 1147 3361 Ia
1157 3314 1330 3374 quatuordecim
1341 3316 1402 3362 ordi·
1480 3367 1481 3370 Ἴ

217 3392 263 3423 non
278 3377 371 3424 totidem
389 3377 468 3432 verbis,
485 3385 534 3425 toto
549 3386 623 3426 tamen
641 3381 695 3427 vitae
712 3388 790 3427 tenore
821 3379 1042 3426 nidusrwasedebis.
1074 3379 1146 3437 Δῆμος
1157 3377 1213 3442 leq:
1480 3379 1481 3402 ¹

215 3442 319 3493 clament.
337 3441 356 3488 0
372 3442 433 3495 rives,
450 3443 525 3489 ciuesl
854 3447 885 3490 60
903 3442 1040 3490 Proverbiuli
1053 3457 1156 3489 sermone
1172 3444 1284 3490 ulmseum
1304 3443 1399 3492 dicimus

249 3507 282 3551 54
297 3507 373 3553 Jaaus
382 3520 503 3563 summum
520 3508 544 3554 h.
557 3522 577 3554 a.
592 3506 733 3555 Universum
743 3507 789 3554 Fo-
822 3507 881 3569 quod
892 3508 965 3569 rumpi
976 3507 1060 3567 nequit.

217 3585 267 3616 rum
279 3575 302 3616 et
314 3569 414 3630 Populus
424 3569 550 3618 Romanus.
570 3571 601 3618 V.
610 3588 628 3618 s.
638 3576 661 3618 2.
672 3576 696 3619 3.
709 3576 746 3620 18.
853 3575 884 3618 62
902 3573 952 3618 Leu
963 3572 1044 3618 Rastia
1058 3578 1099 3630 est(
1108 3586 1154 3632 qua
1172 3580 1270 3627 cauetur,
1287 3581 1316 3620 ut
1323 3575 1400 3633 prori-

249 3637 281 3679 55
299 3635 576 3694 Producaapertedooer.
600 3638 708 3684 Retinere
718 3637 791 3684 etad
822 3637 903 3683 misab
917 3636 1214 3696 batearaquuaordectm
1222 3638 1400 3698 gradibusque.
1479 3675 1480 3704 q

216 3697 341 3744 molestiam
353 3713 424 3758 usque
434 3698 570 3746 audientium
581 3700 662 3761 aliquid
674 3709 787 3763 repetere:
822 3707 877 3755 tau,
899 3701 980 3761 quibus
1000 3707 1032 3746 cst
1042 3700 1270 3761 quadringentorum
1291 3703 1400 3750 aedend-

217 3761 289 3823 Origo
301 3763 328 3807 ab
338 3762 416 3808 avibus
427 3764 590 3810 cantatricibus.
821 3780 883 3812 nim.

249 3827 406 3886 Semsquc5h.
420 3842 440 3872 e.
448 3842 512 3888 aeque
522 3843 549 3874 ac
561 3843 632 3883 senes,
642 3829 678 3877 vel
687 3845 789 3877 unacum
854 3832 885 3875 65
902 3830 992 3883 Facias,
1004 3827 1103 3874 lucreris.
1134 3828 1232 3880 Quiscil.
1240 3829 1328 3876 suadet.
1478 3875 1479 3882 ,

217 3891 313 3943 senibus,
325 3905 382 3951 quos
394 3891 475 3936 habent
485 3899 641 3952 praeceptores.
855 3897 887 3940 67
904 3894 1043 3947 Lacriawsa,
1067 3893 1158 3952 Pupius
1183 3893 1398 3954 iirgoediogmpdus

248 3957 279 4000 56
299 3953 357 4002 Hoc
368 3969 435 4000 versu
456 3955 525 4002 utitur
545 3956 592 4002 Sat.
615 3960 638 4003 1.
656 3961 679 4004 6.
695 3959 734 4004 rr.
754 3958 803 4004 ubi·
822 3959 860 4010 ita,
875 3957 970 4020 qffectm
986 3957 1136 4017 spectantium
1157 3957 1231 4010 mouit,
1248 3965 1276 4002 ut
1294 3973 1331 4004 eos
1339 3961 1398 4022 flere

216 4026 251 4064 est
262 4018 380 4080 descriptio
391 4034 511 4081 puerorum
525 4020 602 4069 ludum
614 4022 736 4068 literarium
747 4022 791 4068 sre-
823 4022 965 4080 compelleret,
974 4021 1027 4067 inde
1033 4021 1103 4068 isram
1111 4020 1279 4083 uersumfirit:
1299 4024 1397 4070 Flebant

216 4083 379 4144 quentaut'rum.
411 4098 414 4101 ·
821 4087 890 4132 unrici
905 4085 1049 4132 erbonem
1059 4093 1154 4132 mortem
1165 4101 1248 4131 meum.
1281 4087 1395 4148 Namqu-

248 4151 280 4193 5'7
297 4147 414 4202 Animus,·
434 4163 564 4209 generosus,
576 4149 612 4195 vel
622 4145 726 4197 liberalis.
818 4151 890 4212 palus
901 4151 927 4196 ia
942 4165 979 4196 me
996 4150 1042 4196 viva
1058 4147 1194 4209 uoymua’
1217 4157 1248 4196 est
1270 4152 1331 4198 atu.
1367 4153 1394 4200 Ut

221 4267 224 4274 Ι
248 4211 350 4269 Lingeus,
362 4212 495 4272 eloquentia.
817 4216 912 4274 quoquae
922 4221 1009 4274 quotes,
1026 4214 1049 4259 b.
1059 4213 1168 4268 asedeas
1178 4213 1202 4258 in
1219 4215 1393 4279 quatuordecim,

248 4276 279 4319 58
295 4273 351 4320 Non
368 4283 403 4338 est
419 4276 501 4322 mirum
518 4278 619 4324 homines
631 4278 662 4325 lta
672 4277 790 4340 diligenter
823 4295 841 4326 s.
852 4286 877 4325 ut
885 4279 915 4325 sis
926 4278 1026 4340 locuples
1038 4293 1055 4324 s
1067 4293 1141 4338 eques.

216 4345 345 4398 computare
356 4355 468 4386 nummos.
499 4342 525 4387 Si
543 4342 602 4388 eninr
620 4344 790 4403 qrmdriageruis
854 4346 887 4389 69
904 4345 1014 4397 Praesens,
1025 4343 1100 4388 aalma
1107 4343 1258 4402 manatione.

202 4400 377 4449 *militastis
394 4406 432 4464 qni
444 4405 553 4466 equestris
570 4422 650 4454 census
668 4415 709 4462 est,
721 4407 788 4453 modo
