<?xml version="1.0" encoding="UTF-8"?>
<!DOCTYPE html PUBLIC "-//W3C//DTD XHTML 1.0 Transitional//EN"
    "http://www.w3.org/TR/xhtml1/DTD/xhtml1-transitional.dtd">
<html xmlns="http://www.w3.org/1999/xhtml" xml:lang="en" lang="en">
 <head>
  <title>
</title>
<meta http-equiv="Content-Type" content="text/html;charset=utf-8" />
  <meta name='ocr-system' content='tesseract 3.04.00' />
  <meta name='ocr-capabilities' content='ocr_page ocr_carea ocr_par ocr_line ocrx_word'/>
</head>
<body>
  <div class='ocr_page' id='page_1' title='image "./operacumselecti00horagoog_0389.png"; bbox 0 0 2954 5022; ppageno 0'>
   <div class='ocr_carea' id='block_1_1' title="bbox 499 929 1081 1030">
    <p class='ocr_par' dir='ltr' id='par_1_1' title="bbox 499 929 1081 1030">
     <span class='ocr_line' id='line_1_1' title="bbox 499 929 1081 1030; baseline 0 -16"><span class='ocrx_word' id='word_1_1' title='bbox 499 935 553 1030; x_wconf 85' lang='lat' dir='ltr'><strong>Q.</strong></span> <span class='ocrx_word' id='word_1_2' title='bbox 583 931 833 1015; x_wconf 86' lang='lat' dir='ltr'><strong>HORATII</strong></span> <span class='ocrx_word' id='word_1_3' title='bbox 866 929 1081 1016; x_wconf 88' lang='lat' dir='ltr'><strong>FLACCI</strong></span> 
     </span>
    </p>
   </div>
   <div class='ocr_carea' id='block_1_2' title="bbox 438 1129 1167 1284">
    <p class='ocr_par' dir='ltr' id='par_1_2' title="bbox 438 1129 1167 1284">
     <span class='ocr_line' id='line_1_2' title="bbox 438 1129 1167 1284; baseline -0.005 -2"><span class='ocrx_word' id='word_1_4' title='bbox 438 1195 539 1282; x_wconf 77' lang='lat' dir='ltr'><strong>Dra</strong></span> <span class='ocrx_word' id='word_1_5' title='bbox 575 1194 777 1282; x_wconf 76' lang='lat' dir='ltr'><strong>narra</strong></span> <span class='ocrx_word' id='word_1_6' title='bbox 811 1129 1167 1284; x_wconf 74' lang='lat' dir='ltr'><strong>Ponvrcn&#39;</strong></span> 
     </span>
    </p>
   </div>
   <div class='ocr_carea' id='block_1_3' title="bbox 715 1417 857 1482">
    <p class='ocr_par' dir='ltr' id='par_1_3' title="bbox 715 1417 857 1482">
     <span class='ocr_line' id='line_1_3' title="bbox 715 1417 857 1482; baseline 0.007 -6"><span class='ocrx_word' id='word_1_7' title='bbox 715 1417 857 1482; x_wconf 79' lang='lat' dir='ltr'><strong>LIBER.</strong></span> 
     </span>
    </p>
   </div>
   <div class='ocr_carea' id='block_1_4' title="bbox 708 1635 870 1664">
    <p class='ocr_par' dir='ltr' id='par_1_4' title="bbox 708 1635 870 1664">
     <span class='ocr_line' id='line_1_4' title="bbox 708 1635 870 1664; baseline 0 -1"><span class='ocrx_word' id='word_1_8' title='bbox 708 1635 870 1664; x_wconf 46' lang='lat' dir='ltr'><strong>:a</strong></span> 
     </span>
    </p>
   </div>
   <div class='ocr_carea' id='block_1_5' title="bbox 680 1833 900 1884">
    <p class='ocr_par' dir='ltr' id='par_1_5' title="bbox 680 1833 900 1884">
     <span class='ocr_line' id='line_1_5' title="bbox 680 1833 900 1884; baseline 0.005 -2"><span class='ocrx_word' id='word_1_9' title='bbox 680 1834 731 1882; x_wconf 84' lang='lat' dir='ltr'><strong>AD</strong></span> <span class='ocrx_word' id='word_1_10' title='bbox 749 1833 900 1884; x_wconf 77' lang='lat' dir='ltr'><strong>PISONES.</strong></span> 
     </span>
    </p>
   </div>
   <div class='ocr_carea' id='block_1_6' title="bbox 199 2022 1394 3644">
    <p class='ocr_par' dir='ltr' id='par_1_6' title="bbox 199 2022 1394 3644">
     <span class='ocr_line' id='line_1_6' title="bbox 199 2022 1394 2089; baseline -0.002 -17"><span class='ocrx_word' id='word_1_11' title='bbox 199 2025 275 2075; x_wconf 77' lang='lat' dir='ltr'><strong>Hanc</strong></span> <span class='ocrx_word' id='word_1_12' title='bbox 290 2027 380 2082; x_wconf 78' lang='lat' dir='ltr'><strong>libmns,</strong></span> <span class='ocrx_word' id='word_1_13' title='bbox 397 2025 437 2089; x_wconf 75' lang='lat' dir='ltr'><strong>qui</strong></span> <span class='ocrx_word' id='word_1_14' title='bbox 452 2024 580 2073; x_wconf 60' lang='lat' dir='ltr'><strong>mosbour</strong></span> <span class='ocrx_word' id='word_1_15' title='bbox 596 2025 649 2073; x_wconf 84' lang='lat' dir='ltr'><strong>DE</strong></span> <span class='ocrx_word' id='word_1_16' title='bbox 665 2025 765 2075; x_wconf 79' lang='lat' dir='ltr'><strong><em>ARTE</em></strong></span> <span class='ocrx_word' id='word_1_17' title='bbox 781 2023 941 2080; x_wconf 79' lang='lat' dir='ltr'><strong>POETrcA,</strong></span> <span class='ocrx_word' id='word_1_18' title='bbox 958 2025 989 2069; x_wconf 80' lang='lat' dir='ltr'><strong>au</strong></span> <span class='ocrx_word' id='word_1_19' title='bbox 999 2022 1031 2070; x_wconf 84' lang='lat' dir='ltr'><strong>L.</strong></span> <span class='ocrx_word' id='word_1_20' title='bbox 1043 2023 1155 2078; x_wconf 68' lang='lat' dir='ltr'><strong>Potnias,</strong></span> <span class='ocrx_word' id='word_1_21' title='bbox 1172 2022 1214 2084; x_wconf 82' lang='lat' dir='ltr'><strong>qui</strong></span> <span class='ocrx_word' id='word_1_22' title='bbox 1225 2029 1306 2084; x_wconf 76' lang='lat' dir='ltr'><strong>postea</strong></span> <span class='ocrx_word' id='word_1_23' title='bbox 1324 2023 1394 2070; x_wconf 77' lang='lat' dir='ltr'><strong>Urbis</strong></span> 
     </span>
     <span class='ocr_line' id='line_1_7' title="bbox 231 2087 1392 2156; baseline -0.005 -16"><span class='ocrx_word' id='word_1_24' title='bbox 231 2091 377 2156; x_wconf 76' lang='lat' dir='ltr'><strong>Oustmfin&#39;t,</strong></span> <span class='ocrx_word' id='word_1_25' title='bbox 399 2091 477 2147; x_wconf 73' lang='lat' dir='ltr'><strong>nsisit3</strong></span> <span class='ocrx_word' id='word_1_26' title='bbox 498 2106 555 2138; x_wconf 83' lang='lat' dir='ltr'><strong>nom</strong></span> <span class='ocrx_word' id='word_1_27' title='bbox 573 2098 595 2136; x_wconf 86' lang='lat' dir='ltr'><strong>et</strong></span> <span class='ocrx_word' id='word_1_28' title='bbox 612 2091 658 2152; x_wconf 81' lang='lat' dir='ltr'><strong>ipse</strong></span> <span class='ocrx_word' id='word_1_29' title='bbox 677 2091 730 2138; x_wconf 83' lang='lat' dir='ltr'><strong>Piso</strong></span> <span class='ocrx_word' id='word_1_30' title='bbox 744 2093 812 2150; x_wconf 63' lang='lat' dir='ltr'><strong>poeto</strong></span> <span class='ocrx_word' id='word_1_31' title='bbox 824 2090 884 2154; x_wconf 81' lang='lat' dir='ltr'><strong>fuit,</strong></span> <span class='ocrx_word' id='word_1_32' title='bbox 900 2097 922 2135; x_wconf 84' lang='lat' dir='ltr'><strong>et</strong></span> <span class='ocrx_word' id='word_1_33' title='bbox 938 2089 1066 2136; x_wconf 68' lang='lat' dir='ltr'><strong>medinam</strong></span> <span class='ocrx_word' id='word_1_34' title='bbox 1084 2087 1211 2146; x_wconf 63' lang='lat' dir='ltr'><strong>Maelium</strong></span> <span class='ocrx_word' id='word_1_35' title='bbox 1228 2089 1343 2145; x_wconf 68' lang='lat' dir='ltr'><strong>crastines,¹</strong></span> <span class='ocrx_word' id='word_1_36' title='bbox 1365 2090 1392 2134; x_wconf 84' lang='lat' dir='ltr'><strong>in</strong></span> 
     </span>
     <span class='ocr_line' id='line_1_8' title="bbox 229 2151 1394 2219; baseline -0.003 -17"><span class='ocrx_word' id='word_1_37' title='bbox 229 2173 298 2219; x_wconf 80' lang='lat' dir='ltr'><strong>quem</strong></span> <span class='ocrx_word' id='word_1_38' title='bbox 307 2157 392 2204; x_wconf 66' lang='lat' dir='ltr'><strong>irbieton</strong></span> <span class='ocrx_word' id='word_1_39' title='bbox 401 2155 507 2216; x_wconf 71' lang='lat' dir='ltr'><em>congessit</em></span> <span class='ocrx_word' id='word_1_40' title='bbox 514 2163 627 2216; x_wconf 69' lang='lat' dir='ltr'><strong>prompta</strong></span> <span class='ocrx_word' id='word_1_41' title='bbox 640 2156 780 2216; x_wconf 67' lang='lat' dir='ltr'><em>Neoptolemi</em></span> <span class='ocrx_word' id='word_1_42' title='bbox 797 2151 885 2218; x_wconf 82' lang='lat' dir='ltr'><strong>[Parii]</strong></span> <span class='ocrx_word' id='word_1_43' title='bbox 902 2155 930 2200; x_wconf 84' lang='lat' dir='ltr'><strong>de</strong></span> <span class='ocrx_word' id='word_1_44' title='bbox 940 2153 998 2200; x_wconf 85' lang='lat' dir='ltr'><strong>Arte</strong></span> <span class='ocrx_word' id='word_1_45' title='bbox 1010 2154 1100 2200; x_wconf 71' lang='lat' dir='ltr'><strong>Paitico</strong></span> <span class='ocrx_word' id='word_1_46' title='bbox 1107 2167 1117 2209; x_wconf 76' lang='lat'><strong>,⁴</strong></span> <span class='ocrx_word' id='word_1_47' title='bbox 1132 2168 1180 2199; x_wconf 84' lang='lat' dir='ltr'><strong>non</strong></span> <span class='ocrx_word' id='word_1_48' title='bbox 1193 2153 1285 2214; x_wconf 78' lang='lat' dir='ltr'><strong>quidem</strong></span> <span class='ocrx_word' id='word_1_49' title='bbox 1303 2153 1394 2207; x_wconf 77' lang='lat' dir='ltr'><strong>omorio,</strong></span> 
     </span>
     <span class='ocr_line' id='line_1_9' title="bbox 230 2217 1391 2284; baseline -0.004 -16"><span class='ocrx_word' id='word_1_50' title='bbox 230 2223 268 2268; x_wconf 84' lang='lat' dir='ltr'><strong>sed</strong></span> <span class='ocrx_word' id='word_1_51' title='bbox 286 2221 467 2268; x_wconf 70' lang='lat' dir='ltr'><strong>ennnentrssinsa.</strong></span> <span class='ocrx_word' id='word_1_52' title='bbox 484 2220 538 2267; x_wconf 79' lang='lat' dir='ltr'><strong>Vct.</strong></span> <span class='ocrx_word' id='word_1_53' title='bbox 556 2219 631 2267; x_wconf 89' lang='lat' dir='ltr'><strong>Schol.</strong></span> <span class='ocrx_word' id='word_1_54' title='bbox 656 2219 685 2266; x_wconf 90' lang='lat' dir='ltr'><strong>B.</strong></span> <span class='ocrx_word' id='word_1_55' title='bbox 728 2219 821 2284; x_wconf 88' lang='lat' dir='ltr'><strong>(Potest</strong></span> <span class='ocrx_word' id='word_1_56' title='bbox 837 2219 873 2265; x_wconf 92' lang='lat' dir='ltr'><strong>hic</strong></span> <span class='ocrx_word' id='word_1_57' title='bbox 891 2219 979 2265; x_wconf 89' lang='lat' dir='ltr'><strong>libellus</strong></span> <span class='ocrx_word' id='word_1_58' title='bbox 997 2217 1117 2264; x_wconf 87' lang='lat' dir='ltr'><strong>commode</strong></span> <span class='ocrx_word' id='word_1_59' title='bbox 1134 2218 1210 2263; x_wconf 87' lang='lat' dir='ltr'><strong>baberi</strong></span> <span class='ocrx_word' id='word_1_60' title='bbox 1229 2233 1270 2280; x_wconf 91' lang='lat' dir='ltr'><strong>pro</strong></span> <span class='ocrx_word' id='word_1_61' title='bbox 1289 2217 1391 2280; x_wconf 83' lang='lat' dir='ltr'><strong>epistola</strong></span> 
     </span>
     <span class='ocr_line' id='line_1_10' title="bbox 229 2281 1390 2347; baseline -0.005 -15"><span class='ocrx_word' id='word_1_62' title='bbox 229 2285 279 2332; x_wconf 89' lang='lat' dir='ltr'><strong>libri</strong></span> <span class='ocrx_word' id='word_1_63' title='bbox 290 2286 382 2335; x_wconf 87' lang='lat' dir='ltr'><strong>secundi</strong></span> <span class='ocrx_word' id='word_1_64' title='bbox 393 2285 464 2340; x_wconf 84' lang='lat' dir='ltr'><strong>tertis,</strong></span> <span class='ocrx_word' id='word_1_65' title='bbox 478 2284 519 2346; x_wconf 80' lang='lat' dir='ltr'><strong>&#39;qui</strong></span> <span class='ocrx_word' id='word_1_66' title='bbox 535 2285 567 2330; x_wconf 86' lang='lat' dir='ltr'><strong>sic</strong></span> <span class='ocrx_word' id='word_1_67' title='bbox 583 2300 629 2330; x_wconf 93' lang='lat' dir='ltr'><strong>non</strong></span> <span class='ocrx_word' id='word_1_68' title='bbox 645 2285 717 2347; x_wconf 88' lang='lat' dir='ltr'><strong>major</strong></span> <span class='ocrx_word' id='word_1_69' title='bbox 734 2285 776 2331; x_wconf 90' lang='lat' dir='ltr'><strong>erit</strong></span> <span class='ocrx_word' id='word_1_70' title='bbox 791 2284 848 2330; x_wconf 90' lang='lat' dir='ltr'><strong>libro</strong></span> <span class='ocrx_word' id='word_1_71' title='bbox 863 2284 944 2346; x_wconf 87' lang='lat' dir='ltr'><strong>primo.</strong></span> <span class='ocrx_word' id='word_1_72' title='bbox 976 2282 1028 2329; x_wconf 90' lang='lat' dir='ltr'><strong>Nec</strong></span> <span class='ocrx_word' id='word_1_73' title='bbox 1044 2290 1171 2344; x_wconf 90' lang='lat' dir='ltr'><strong>temporum</strong></span> <span class='ocrx_word' id='word_1_74' title='bbox 1187 2282 1251 2334; x_wconf 88' lang='lat' dir='ltr'><strong>ratio,</strong></span> <span class='ocrx_word' id='word_1_75' title='bbox 1267 2290 1311 2328; x_wconf 87' lang='lat' dir='ltr'><strong>ant</strong></span> <span class='ocrx_word' id='word_1_76' title='bbox 1328 2281 1390 2328; x_wconf 87' lang='lat' dir='ltr'><strong>aliud</strong></span> 
     </span>
     <span class='ocr_line' id='line_1_11' title="bbox 230 2346 1390 2412; baseline -0.003 -16"><span class='ocrx_word' id='word_1_77' title='bbox 230 2351 387 2405; x_wconf 84' lang='lat' dir='ltr'><strong>necessarium,</strong></span> <span class='ocrx_word' id='word_1_78' title='bbox 404 2351 465 2410; x_wconf 89' lang='lat' dir='ltr'><strong>quod</strong></span> <span class='ocrx_word' id='word_1_79' title='bbox 481 2349 556 2404; x_wconf 88' lang='lat' dir='ltr'><strong>sciam,</strong></span> <span class='ocrx_word' id='word_1_80' title='bbox 573 2357 731 2412; x_wconf 83' lang='lat' dir='ltr'>argumentum</span> <span class='ocrx_word' id='word_1_81' title='bbox 748 2351 829 2396; x_wconf 78' lang='lat' dir='ltr'><strong>obstat</strong></span> <span class='ocrx_word' id='word_1_82' title='bbox 861 2347 935 2396; x_wconf 84' lang='lat' dir='ltr'><strong>Favet</strong></span> <span class='ocrx_word' id='word_1_83' title='bbox 949 2348 1017 2395; x_wconf 89' lang='lat' dir='ltr'><strong>etiam</strong></span> <span class='ocrx_word' id='word_1_84' title='bbox 1029 2346 1151 2402; x_wconf 84' lang='lat' dir='ltr'><strong>Charisius,</strong></span> <span class='ocrx_word' id='word_1_85' title='bbox 1169 2347 1207 2408; x_wconf 91' lang='lat' dir='ltr'><strong>qui</strong></span> <span class='ocrx_word' id='word_1_86' title='bbox 1218 2363 1241 2409; x_wconf 87' lang='lat' dir='ltr'><strong>p.</strong></span> <span class='ocrx_word' id='word_1_87' title='bbox 1254 2350 1314 2394; x_wconf 79' lang='lat'><strong>182.</strong></span> <span class='ocrx_word' id='word_1_88' title='bbox 1326 2349 1353 2392; x_wconf 86' lang='lat'><strong>8.</strong></span> <span class='ocrx_word' id='word_1_89' title='bbox 1367 2353 1390 2392; x_wconf 89' lang='lat' dir='ltr'><strong>et</strong></span> 
     </span>
     <span class='ocr_line' id='line_1_12' title="bbox 232 2411 1388 2476; baseline -0.004 -15"><span class='ocrx_word' id='word_1_90' title='bbox 232 2417 286 2463; x_wconf 85' lang='grc'><strong>183.</strong></span> <span class='ocrx_word' id='word_1_91' title='bbox 304 2419 341 2462; x_wconf 85' lang='grc'><strong>10.</strong></span> <span class='ocrx_word' id='word_1_92' title='bbox 357 2415 486 2476; x_wconf 89' lang='lat' dir='ltr'><strong>simpliciter</strong></span> <span class='ocrx_word' id='word_1_93' title='bbox 502 2415 658 2474; x_wconf 71' lang='lat' dir='ltr'><strong>Epistularum</strong></span> <span class='ocrx_word' id='word_1_94' title='bbox 674 2415 771 2468; x_wconf 90' lang='lat' dir='ltr'><strong>nomine,</strong></span> <span class='ocrx_word' id='word_1_95' title='bbox 789 2429 841 2476; x_wconf 88' lang='lat' dir='ltr'><strong>quae</strong></span> <span class='ocrx_word' id='word_1_96' title='bbox 856 2413 893 2460; x_wconf 90' lang='lat' dir='ltr'><strong>hic</strong></span> <span class='ocrx_word' id='word_1_97' title='bbox 909 2413 1023 2475; x_wconf 87' lang='lat' dir='ltr'><strong>leguntur,</strong></span> <span class='ocrx_word' id='word_1_98' title='bbox 1038 2413 1121 2459; x_wconf 86' lang='lat' dir='ltr'><strong>laudat.</strong></span> <span class='ocrx_word' id='word_1_99' title='bbox 1153 2411 1247 2458; x_wconf 85' lang='lat' dir='ltr'><strong>Mature</strong></span> <span class='ocrx_word' id='word_1_100' title='bbox 1264 2417 1346 2458; x_wconf 80' lang='lat' dir='ltr'><strong>tamen</strong></span> <span class='ocrx_word' id='word_1_101' title='bbox 1362 2418 1388 2457; x_wconf 90' lang='lat' dir='ltr'><strong>ut</strong></span> 
     </span>
     <span class='ocr_line' id='line_1_13' title="bbox 233 2477 1390 2542; baseline -0.004 -16"><span class='ocrx_word' id='word_1_102' title='bbox 233 2479 351 2542; x_wconf 84' lang='lat' dir='ltr'><strong>peculiaris</strong></span> <span class='ocrx_word' id='word_1_103' title='bbox 372 2479 459 2526; x_wconf 88' lang='lat' dir='ltr'><strong>libellus</strong></span> <span class='ocrx_word' id='word_1_104' title='bbox 481 2479 583 2526; x_wconf 85' lang='lat' dir='ltr'><strong>laudatur</strong></span> <span class='ocrx_word' id='word_1_105' title='bbox 607 2494 621 2526; x_wconf 86' lang='lat' dir='ltr'><strong>a</strong></span> <span class='ocrx_word' id='word_1_106' title='bbox 644 2479 797 2534; x_wconf 81' lang='lat' dir='ltr'><strong>Quinctiliano</strong></span> <span class='ocrx_word' id='word_1_107' title='bbox 817 2478 893 2540; x_wconf 84' lang='lat' dir='ltr'><strong>Epist.</strong></span> <span class='ocrx_word' id='word_1_108' title='bbox 911 2478 940 2526; x_wconf 87' lang='lat' dir='ltr'><strong>ad</strong></span> <span class='ocrx_word' id='word_1_109' title='bbox 958 2477 1076 2540; x_wconf 87' lang='lat' dir='ltr'><strong>Tryphon.</strong></span> <span class='ocrx_word' id='word_1_110' title='bbox 1095 2477 1132 2523; x_wconf 91' lang='lat' dir='ltr'><strong>ubi</strong></span> <span class='ocrx_word' id='word_1_111' title='bbox 1152 2477 1280 2538; x_wconf 89' lang='lat' dir='ltr'><strong>simpliciter</strong></span> <span class='ocrx_word' id='word_1_112' title='bbox 1303 2477 1390 2522; x_wconf 80' lang='lat' dir='ltr'><em>Artem</em></span> 
     </span>
     <span class='ocr_line' id='line_1_14' title="bbox 226 2541 1388 2604; baseline -0.004 -13"><span class='ocrx_word' id='word_1_113' title='bbox 226 2545 338 2604; x_wconf 78' lang='lat' dir='ltr'><strong>poitc&#39;cam</strong></span> <span class='ocrx_word' id='word_1_114' title='bbox 349 2551 422 2600; x_wconf 82' lang='lat' dir='ltr'><strong>vocat,</strong></span> <span class='ocrx_word' id='word_1_115' title='bbox 439 2551 463 2591; x_wconf 88' lang='lat' dir='ltr'><strong>et</strong></span> <span class='ocrx_word' id='word_1_116' title='bbox 473 2548 496 2591; x_wconf 83' lang='lat'><strong>8.</strong></span> <span class='ocrx_word' id='word_1_117' title='bbox 507 2547 530 2591; x_wconf 83' lang='lat'><strong>3.</strong></span> <span class='ocrx_word' id='word_1_118' title='bbox 541 2547 581 2590; x_wconf 86' lang='lat'><strong>60.</strong></span> <span class='ocrx_word' id='word_1_119' title='bbox 599 2558 628 2591; x_wconf 88' lang='lat' dir='ltr'><strong>ex</strong></span> <span class='ocrx_word' id='word_1_120' title='bbox 639 2545 718 2604; x_wconf 75' lang='lat' dir='ltr'><strong>prima</strong></span> <span class='ocrx_word' id='word_1_121' title='bbox 729 2552 797 2604; x_wconf 84' lang='lat' dir='ltr'><strong>parte</strong></span> <span class='ocrx_word' id='word_1_122' title='bbox 812 2545 862 2590; x_wconf 82' lang='lat' dir='ltr'><strong>libri</strong></span> <span class='ocrx_word' id='word_1_123' title='bbox 872 2545 900 2590; x_wconf 84' lang='lat' dir='ltr'><strong>de</strong></span> <span class='ocrx_word' id='word_1_124' title='bbox 909 2551 959 2590; x_wconf 85' lang='lat' dir='ltr'><strong>arte</strong></span> <span class='ocrx_word' id='word_1_125' title='bbox 970 2545 1058 2604; x_wconf 69' lang='lat' dir='ltr'><strong>poetica</strong></span> <span class='ocrx_word' id='word_1_126' title='bbox 1073 2543 1146 2604; x_wconf 85' lang='lat' dir='ltr'><strong>ipsum</strong></span> <span class='ocrx_word' id='word_1_127' title='bbox 1160 2541 1225 2588; x_wconf 82' lang='lat' dir='ltr'><strong>affert</strong></span> <span class='ocrx_word' id='word_1_128' title='bbox 1240 2541 1388 2604; x_wconf 85' lang='lat' dir='ltr'><strong>principium.</strong></span> 
     </span>
     <span class='ocr_line' id='line_1_15' title="bbox 231 2605 1388 2671; baseline -0.003 -15"><span class='ocrx_word' id='word_1_129' title='bbox 231 2608 361 2656; x_wconf 74' lang='lat' dir='ltr'><strong>Priscianus</strong></span> <span class='ocrx_word' id='word_1_130' title='bbox 372 2625 461 2671; x_wconf 90' lang='lat' dir='ltr'><strong>quoque</strong></span> <span class='ocrx_word' id='word_1_131' title='bbox 472 2615 495 2656; x_wconf 91' lang='lat' dir='ltr'><strong>et</strong></span> <span class='ocrx_word' id='word_1_132' title='bbox 506 2609 542 2656; x_wconf 87' lang='lat' dir='ltr'><strong>alii</strong></span> <span class='ocrx_word' id='word_1_133' title='bbox 554 2608 701 2656; x_wconf 88' lang='lat' dir='ltr'><strong>Grammatici</strong></span> <span class='ocrx_word' id='word_1_134' title='bbox 712 2608 795 2670; x_wconf 87' lang='lat' dir='ltr'><strong>passim</strong></span> <span class='ocrx_word' id='word_1_135' title='bbox 807 2608 934 2655; x_wconf 76' lang='lat' dir='ltr'><em>Horatium</em></span> <span class='ocrx_word' id='word_1_136' title='bbox 948 2609 975 2654; x_wconf 81' lang='lat' dir='ltr'><strong>de</strong></span> <span class='ocrx_word' id='word_1_137' title='bbox 990 2616 1039 2655; x_wconf 80' lang='lat' dir='ltr'><strong>crte</strong></span> <span class='ocrx_word' id='word_1_138' title='bbox 1050 2609 1138 2668; x_wconf 84' lang='lat' dir='ltr'><strong>po‘e&#39;tica</strong></span> <span class='ocrx_word' id='word_1_139' title='bbox 1153 2607 1230 2653; x_wconf 86' lang='lat' dir='ltr'><strong>citant.</strong></span> <span class='ocrx_word' id='word_1_140' title='bbox 1262 2605 1305 2653; x_wconf 85' lang='lat' dir='ltr'><strong>An</strong></span> <span class='ocrx_word' id='word_1_141' title='bbox 1321 2621 1388 2652; x_wconf 79' lang='lat' dir='ltr'><strong>occa-</strong></span> 
     </span>
     <span class='ocr_line' id='line_1_16' title="bbox 231 2671 1386 2736; baseline -0.003 -15"><span class='ocrx_word' id='word_1_142' title='bbox 231 2673 317 2722; x_wconf 82' lang='lat' dir='ltr'><em>sionem</em></span> <span class='ocrx_word' id='word_1_143' title='bbox 334 2674 449 2736; x_wconf 84' lang='lat' dir='ltr'><strong>separandi</strong></span> <span class='ocrx_word' id='word_1_144' title='bbox 465 2673 586 2721; x_wconf 88' lang='lat' dir='ltr'><strong>voluminis</strong></span> <span class='ocrx_word' id='word_1_145' title='bbox 602 2672 668 2729; x_wconf 81' lang='lat' dir='ltr'><strong>dedit,</strong></span> <span class='ocrx_word' id='word_1_146' title='bbox 686 2673 746 2736; x_wconf 93' lang='lat' dir='ltr'><strong>quod</strong></span> <span class='ocrx_word' id='word_1_147' title='bbox 762 2680 788 2720; x_wconf 91' lang='lat' dir='ltr'><strong>ut</strong></span> <span class='ocrx_word' id='word_1_148' title='bbox 803 2674 918 2721; x_wconf 78' lang='lat' dir='ltr'><strong>somnium</strong></span> <span class='ocrx_word' id='word_1_149' title='bbox 933 2673 1041 2732; x_wconf 60' lang='lat' dir='ltr'><strong>Septimis</strong></span> <span class='ocrx_word' id='word_1_150' title='bbox 1055 2687 1082 2718; x_wconf 80' lang='lat' dir='ltr'><strong>en</strong></span> <span class='ocrx_word' id='word_1_151' title='bbox 1098 2672 1209 2720; x_wconf 74' lang='lat' dir='ltr'><em>Ciceronis</em></span> <span class='ocrx_word' id='word_1_152' title='bbox 1225 2673 1254 2717; x_wconf 83' lang='lat' dir='ltr'><strong>de</strong></span> <span class='ocrx_word' id='word_1_153' title='bbox 1268 2671 1386 2732; x_wconf 60' lang='lat' dir='ltr'><strong>republica</strong></span> 
     </span>
     <span class='ocr_line' id='line_1_17' title="bbox 229 2736 1386 2802; baseline -0.003 -16"><span class='ocrx_word' id='word_1_154' title='bbox 229 2754 299 2802; x_wconf 86' lang='lat' dir='ltr'><strong>opere</strong></span> <span class='ocrx_word' id='word_1_155' title='bbox 308 2745 439 2801; x_wconf 86' lang='lat' dir='ltr'><strong>excerptum</strong></span> <span class='ocrx_word' id='word_1_156' title='bbox 451 2737 582 2785; x_wconf 80' lang='lat' dir='ltr'><strong>Macrobius</strong></span> <span class='ocrx_word' id='word_1_157' title='bbox 593 2739 719 2801; x_wconf 77' lang='lat' dir='ltr'><strong>explicavit,</strong></span> <span class='ocrx_word' id='word_1_158' title='bbox 736 2739 768 2785; x_wconf 88' lang='lat' dir='ltr'><strong>sic</strong></span> <span class='ocrx_word' id='word_1_159' title='bbox 779 2745 867 2785; x_wconf 88' lang='lat' dir='ltr'><strong>mature</strong></span> <span class='ocrx_word' id='word_1_160' title='bbox 879 2737 1027 2784; x_wconf 84' lang='lat' dir='ltr'><strong>Grammatici</strong></span> <span class='ocrx_word' id='word_1_161' title='bbox 1039 2736 1161 2784; x_wconf 82' lang='lat' dir='ltr'><strong>Horatium</strong></span> <span class='ocrx_word' id='word_1_162' title='bbox 1176 2736 1321 2798; x_wconf 83' lang='lat' dir='ltr'><strong>interpretari</strong></span> <span class='ocrx_word' id='word_1_163' title='bbox 1339 2749 1386 2782; x_wconf 89' lang='lat' dir='ltr'><strong>coe-</strong></span> 
     </span>
     <span class='ocr_line' id='line_1_18' title="bbox 229 2797 1386 2866; baseline -0.005 -14"><span class='ocrx_word' id='word_1_164' title='bbox 229 2805 299 2866; x_wconf 84' lang='lat' dir='ltr'><strong>pere?</strong></span> <span class='ocrx_word' id='word_1_165' title='bbox 317 2801 387 2852; x_wconf 82' lang='lat' dir='ltr'><strong>Certe</strong></span> <span class='ocrx_word' id='word_1_166' title='bbox 406 2803 505 2850; x_wconf 77' lang='lat' dir='ltr'><strong>Terentii</strong></span> <span class='ocrx_word' id='word_1_167' title='bbox 520 2805 602 2850; x_wconf 81' lang='lat' dir='ltr'><strong>Scauri</strong></span> <span class='ocrx_word' id='word_1_168' title='bbox 618 2803 696 2866; x_wconf 91' lang='lat' dir='ltr'><strong>(quem</strong></span> <span class='ocrx_word' id='word_1_169' title='bbox 708 2802 819 2850; x_wconf 87' lang='lat' dir='ltr'><strong>Hadriani</strong></span> <span class='ocrx_word' id='word_1_170' title='bbox 830 2803 967 2864; x_wconf 76' lang='lat' dir='ltr'><strong>temporibus</strong></span> <span class='ocrx_word' id='word_1_171' title='bbox 982 2802 1082 2864; x_wconf 77' lang='lat' dir='ltr'><strong>assignat</strong></span> <span class='ocrx_word' id='word_1_172' title='bbox 1094 2801 1183 2849; x_wconf 79' lang='lat' dir='ltr'><strong>Genius</strong></span> <span class='ocrx_word' id='word_1_173' title='bbox 1195 2803 1234 2850; x_wconf 92' lang='grc'><strong>11.</strong></span> <span class='ocrx_word' id='word_1_174' title='bbox 1247 2797 1297 2860; x_wconf 80' lang='grc'><strong>15.)</strong></span> <span class='ocrx_word' id='word_1_175' title='bbox 1320 2801 1386 2848; x_wconf 81' lang='lat' dir='ltr'><strong>Com-</strong></span> 
     </span>
     <span class='ocr_line' id='line_1_19' title="bbox 228 2865 1386 2929; baseline -0.003 -13"><span class='ocrx_word' id='word_1_176' title='bbox 228 2867 394 2916; x_wconf 75' lang='lat' dir='ltr'><strong>mentariorum</strong></span> <span class='ocrx_word' id='word_1_177' title='bbox 409 2868 436 2914; x_wconf 84' lang='lat' dir='ltr'><strong>in</strong></span> <span class='ocrx_word' id='word_1_178' title='bbox 450 2876 524 2915; x_wconf 80' lang='lat' dir='ltr'><strong>cotom</strong></span> <span class='ocrx_word' id='word_1_179' title='bbox 535 2869 647 2928; x_wconf 80' lang='lat' dir='ltr'><strong>po&#39;c‘ticans</strong></span> <span class='ocrx_word' id='word_1_180' title='bbox 659 2869 752 2915; x_wconf 76' lang='lat' dir='ltr'><strong>Horatii</strong></span> <span class='ocrx_word' id='word_1_181' title='bbox 767 2869 851 2915; x_wconf 65' lang='lat' dir='ltr'><strong>tioium</strong></span> <span class='ocrx_word' id='word_1_182' title='bbox 867 2868 901 2914; x_wconf 88' lang='lat' dir='ltr'><strong>X.</strong></span> <span class='ocrx_word' id='word_1_183' title='bbox 919 2867 995 2914; x_wconf 88' lang='lat' dir='ltr'><strong>laudat</strong></span> <span class='ocrx_word' id='word_1_184' title='bbox 1007 2865 1096 2915; x_wconf 85' lang='lat' dir='ltr'><strong>Charis.</strong></span> <span class='ocrx_word' id='word_1_185' title='bbox 1106 2882 1128 2929; x_wconf 93' lang='lat' dir='ltr'><strong>p.</strong></span> <span class='ocrx_word' id='word_1_186' title='bbox 1141 2868 1195 2912; x_wconf 77' lang='lat'><strong>182.</strong></span> <span class='ocrx_word' id='word_1_187' title='bbox 1205 2869 1229 2912; x_wconf 85' lang='lat'><strong>5.</strong></span> <span class='ocrx_word' id='word_1_188' title='bbox 1239 2872 1263 2912; x_wconf 94' lang='lat' dir='ltr'><strong>et</strong></span> <span class='ocrx_word' id='word_1_189' title='bbox 1276 2868 1334 2914; x_wconf 85' lang='grc'><strong>188.</strong></span> <span class='ocrx_word' id='word_1_190' title='bbox 1350 2868 1386 2912; x_wconf 90' lang='grc'><strong>17.</strong></span> 
     </span>
     <span class='ocr_line' id='line_1_20' title="bbox 229 2929 1383 2996; baseline -0.004 -16"><span class='ocrx_word' id='word_1_191' title='bbox 229 2931 260 2980; x_wconf 93' lang='lat' dir='ltr'><strong>In</strong></span> <span class='ocrx_word' id='word_1_192' title='bbox 275 2931 349 2980; x_wconf 87' lang='lat' dir='ltr'><strong>MSS.</strong></span> <span class='ocrx_word' id='word_1_193' title='bbox 365 2938 388 2979; x_wconf 90' lang='lat' dir='ltr'><strong>et</strong></span> <span class='ocrx_word' id='word_1_194' title='bbox 401 2933 480 2995; x_wconf 81' lang='lat' dir='ltr'><strong>priscis</strong></span> <span class='ocrx_word' id='word_1_195' title='bbox 496 2933 628 2980; x_wconf 84' lang='lat' dir='ltr'><strong>editionibus</strong></span> <span class='ocrx_word' id='word_1_196' title='bbox 639 2934 688 2995; x_wconf 86' lang='lat' dir='ltr'><strong>jam</strong></span> <span class='ocrx_word' id='word_1_197' title='bbox 699 2941 752 2996; x_wconf 91' lang='lat' dir='ltr'><strong>post</strong></span> <span class='ocrx_word' id='word_1_198' title='bbox 762 2932 856 2994; x_wconf 90' lang='lat' dir='ltr'><strong>Epodos</strong></span> <span class='ocrx_word' id='word_1_199' title='bbox 867 2939 891 2978; x_wconf 92' lang='lat' dir='ltr'><strong>et</strong></span> <span class='ocrx_word' id='word_1_200' title='bbox 902 2929 1000 2980; x_wconf 86' lang='lat' dir='ltr'><strong>Carmen</strong></span> <span class='ocrx_word' id='word_1_201' title='bbox 1013 2933 1120 2978; x_wconf 85' lang='lat' dir='ltr'><strong>saeculare</strong></span> <span class='ocrx_word' id='word_1_202' title='bbox 1130 2930 1227 2994; x_wconf 87' lang='lat' dir='ltr'><strong>ponitur,</strong></span> <span class='ocrx_word' id='word_1_203' title='bbox 1245 2937 1270 2977; x_wconf 91' lang='lat' dir='ltr'><strong>ut</strong></span> <span class='ocrx_word' id='word_1_204' title='bbox 1285 2930 1310 2976; x_wconf 90' lang='lat' dir='ltr'><strong>iu</strong></span> <span class='ocrx_word' id='word_1_205' title='bbox 1328 2929 1383 2976; x_wconf 88' lang='lat' dir='ltr'><strong>MS.</strong></span> 
     </span>
     <span class='ocr_line' id='line_1_21' title="bbox 231 2993 1382 3060; baseline -0.003 -16"><span class='ocrx_word' id='word_1_206' title='bbox 231 2997 386 3060; x_wconf 81' lang='lat' dir='ltr'><strong>Gottingensi,</strong></span> <span class='ocrx_word' id='word_1_207' title='bbox 403 2998 429 3043; x_wconf 89' lang='lat' dir='ltr'><strong>it.</strong></span> <span class='ocrx_word' id='word_1_208' title='bbox 445 2998 469 3044; x_wconf 89' lang='lat' dir='ltr'><strong>in</strong></span> <span class='ocrx_word' id='word_1_209' title='bbox 488 2997 541 3044; x_wconf 89' lang='lat' dir='ltr'><strong>edit.</strong></span> <span class='ocrx_word' id='word_1_210' title='bbox 559 2996 725 3048; x_wconf 73' lang='lat' dir='ltr'><strong>Mediolanensi</strong></span> <span class='ocrx_word' id='word_1_211' title='bbox 747 2999 818 3046; x_wconf 79' lang='lat' dir='ltr'><strong>rttr.</strong></span> <span class='ocrx_word' id='word_1_212' title='bbox 837 2997 860 3044; x_wconf 90' lang='lat' dir='ltr'><strong>in</strong></span> <span class='ocrx_word' id='word_1_213' title='bbox 880 2996 970 3043; x_wconf 88' lang='lat' dir='ltr'><strong>Veneta</strong></span> <span class='ocrx_word' id='word_1_214' title='bbox 990 2999 1061 3044; x_wconf 76' lang='lat'><strong>1479.</strong></span> <span class='ocrx_word' id='word_1_215' title='bbox 1078 3003 1121 3044; x_wconf 87' lang='lat' dir='ltr'><strong>etc.</strong></span> <span class='ocrx_word' id='word_1_216' title='bbox 1141 2996 1258 3056; x_wconf 85' lang='lat' dir='ltr'><strong>usquead</strong></span> <span class='ocrx_word' id='word_1_217' title='bbox 1276 2993 1313 3041; x_wconf 91' lang='lat' dir='ltr'><strong>H.</strong></span> <span class='ocrx_word' id='word_1_218' title='bbox 1333 2994 1382 3041; x_wconf 87' lang='lat' dir='ltr'><strong>Ste-</strong></span> 
     </span>
     <span class='ocr_line' id='line_1_22' title="bbox 229 3059 1384 3124; baseline -0.003 -16"><span class='ocrx_word' id='word_1_219' title='bbox 229 3063 329 3124; x_wconf 89' lang='lat' dir='ltr'><strong>phanum</strong></span> <span class='ocrx_word' id='word_1_220' title='bbox 336 3078 345 3119; x_wconf 72' lang='grc' dir='ltr'><strong><em>ς</em></strong></span> <span class='ocrx_word' id='word_1_221' title='bbox 368 3077 429 3110; x_wconf 88' lang='lat' dir='ltr'><strong>nuuc</strong></span> <span class='ocrx_word' id='word_1_222' title='bbox 446 3062 520 3109; x_wconf 89' lang='lat' dir='ltr'><strong>medio</strong></span> <span class='ocrx_word' id='word_1_223' title='bbox 538 3062 596 3108; x_wconf 84' lang='lat' dir='ltr'><strong>inter</strong></span> <span class='ocrx_word' id='word_1_224' title='bbox 615 3061 730 3124; x_wconf 87' lang='lat' dir='ltr'><strong>Epistolas</strong></span> <span class='ocrx_word' id='word_1_225' title='bbox 751 3070 774 3110; x_wconf 88' lang='lat' dir='ltr'><strong>et</strong></span> <span class='ocrx_word' id='word_1_226' title='bbox 794 3061 914 3110; x_wconf 83' lang='lat' dir='ltr'><strong>Semnones</strong></span> <span class='ocrx_word' id='word_1_227' title='bbox 933 3062 990 3118; x_wconf 90' lang='lat' dir='ltr'><strong>loco,</strong></span> <span class='ocrx_word' id='word_1_228' title='bbox 1008 3069 1034 3108; x_wconf 94' lang='lat' dir='ltr'><strong>ut</strong></span> <span class='ocrx_word' id='word_1_229' title='bbox 1052 3062 1076 3108; x_wconf 89' lang='lat' dir='ltr'><strong>in</strong></span> <span class='ocrx_word' id='word_1_230' title='bbox 1096 3061 1193 3108; x_wconf 84' lang='lat' dir='ltr'><strong>editione</strong></span> <span class='ocrx_word' id='word_1_231' title='bbox 1212 3059 1296 3114; x_wconf 88' lang='lat' dir='ltr'><strong>Zaroti,</strong></span> <span class='ocrx_word' id='word_1_232' title='bbox 1324 3073 1384 3105; x_wconf 88' lang='lat' dir='ltr'><strong>nunc</strong></span> 
     </span>
     <span class='ocr_line' id='line_1_23' title="bbox 228 3123 1385 3189; baseline -0.004 -15"><span class='ocrx_word' id='word_1_233' title='bbox 228 3127 325 3188; x_wconf 86' lang='lat' dir='ltr'><strong>denique</strong></span> <span class='ocrx_word' id='word_1_234' title='bbox 338 3127 418 3174; x_wconf 89' lang='lat' dir='ltr'><strong>ultimo</strong></span> <span class='ocrx_word' id='word_1_235' title='bbox 434 3127 535 3174; x_wconf 90' lang='lat' dir='ltr'><strong>omnium</strong></span> <span class='ocrx_word' id='word_1_236' title='bbox 544 3127 602 3178; x_wconf 47' lang='lat' dir='ltr'><strong>,loco</strong></span> <span class='ocrx_word' id='word_1_237' title='bbox 617 3135 670 3188; x_wconf 90' lang='lat' dir='ltr'><strong>post</strong></span> <span class='ocrx_word' id='word_1_238' title='bbox 685 3128 796 3189; x_wconf 86' lang='lat' dir='ltr'><strong>epistolas,</strong></span> <span class='ocrx_word' id='word_1_239' title='bbox 814 3128 878 3189; x_wconf 87' lang='lat' dir='ltr'><strong>cujus</strong></span> <span class='ocrx_word' id='word_1_240' title='bbox 892 3127 988 3174; x_wconf 89' lang='lat' dir='ltr'><strong>instituti</strong></span> <span class='ocrx_word' id='word_1_241' title='bbox 1004 3135 1083 3174; x_wconf 85' lang='lat' dir='ltr'><strong>auctor</strong></span> <span class='ocrx_word' id='word_1_242' title='bbox 1093 3127 1182 3172; x_wconf 89' lang='lat' dir='ltr'><strong>videtur</strong></span> <span class='ocrx_word' id='word_1_243' title='bbox 1195 3124 1300 3170; x_wconf 84' lang='lat' dir='ltr'><strong>laudatus</strong></span> <span class='ocrx_word' id='word_1_244' title='bbox 1317 3123 1385 3170; x_wconf 90' lang='lat' dir='ltr'><strong>modo</strong></span> 
     </span>
     <span class='ocr_line' id='line_1_24' title="bbox 230 3189 1384 3254; baseline -0.003 -16"><span class='ocrx_word' id='word_1_245' title='bbox 230 3190 266 3238; x_wconf 89' lang='lat' dir='ltr'><strong>H.</strong></span> <span class='ocrx_word' id='word_1_246' title='bbox 285 3191 418 3253; x_wconf 83' lang='lat' dir='ltr'><strong>Stephanus,</strong></span> <span class='ocrx_word' id='word_1_247' title='bbox 439 3192 477 3253; x_wconf 90' lang='lat' dir='ltr'><strong>qui</strong></span> <span class='ocrx_word' id='word_1_248' title='bbox 496 3191 605 3238; x_wconf 89' lang='lat' dir='ltr'><strong>rationem</strong></span> <span class='ocrx_word' id='word_1_249' title='bbox 623 3193 672 3254; x_wconf 91' lang='lat' dir='ltr'><strong>ejus</strong></span> <span class='ocrx_word' id='word_1_250' title='bbox 690 3192 762 3239; x_wconf 86' lang='lat' dir='ltr'><strong>reddit</strong></span> <span class='ocrx_word' id='word_1_251' title='bbox 781 3192 857 3238; x_wconf 87' lang='lat' dir='ltr'><strong>Diatr.</strong></span> <span class='ocrx_word' id='word_1_252' title='bbox 875 3207 898 3254; x_wconf 92' lang='lat' dir='ltr'><strong>p.</strong></span> <span class='ocrx_word' id='word_1_253' title='bbox 915 3194 955 3238; x_wconf 74' lang='grc'><strong>82.</strong></span> <span class='ocrx_word' id='word_1_254' title='bbox 997 3191 1067 3240; x_wconf 89' lang='lat' dir='ltr'><strong>Certe</strong></span> <span class='ocrx_word' id='word_1_255' title='bbox 1083 3206 1129 3238; x_wconf 88' lang='lat' dir='ltr'><strong>non</strong></span> <span class='ocrx_word' id='word_1_256' title='bbox 1145 3189 1258 3244; x_wconf 85' lang='lat' dir='ltr'><strong>annotavi,</strong></span> <span class='ocrx_word' id='word_1_257' title='bbox 1276 3189 1384 3250; x_wconf 87' lang='lat' dir='ltr'><strong>quiante</strong></span> 
     </span>
     <span class='ocr_line' id='line_1_25' title="bbox 229 3253 1383 3320; baseline -0.003 -18"><span class='ocrx_word' id='word_1_258' title='bbox 229 3255 293 3303; x_wconf 91' lang='lat' dir='ltr'><strong>illum</strong></span> <span class='ocrx_word' id='word_1_259' title='bbox 309 3255 389 3302; x_wconf 89' lang='lat' dir='ltr'><strong>ultimo</strong></span> <span class='ocrx_word' id='word_1_260' title='bbox 404 3255 456 3303; x_wconf 92' lang='lat' dir='ltr'><strong>loco</strong></span> <span class='ocrx_word' id='word_1_261' title='bbox 472 3263 565 3318; x_wconf 89' lang='lat' dir='ltr'><strong>poneret</strong></span> <span class='ocrx_word' id='word_1_262' title='bbox 581 3257 669 3310; x_wconf 85' lang='lat' dir='ltr'><strong>Artem,</strong></span> <span class='ocrx_word' id='word_1_263' title='bbox 687 3272 760 3318; x_wconf 91' lang='lat' dir='ltr'><strong>neque</strong></span> <span class='ocrx_word' id='word_1_264' title='bbox 776 3256 814 3318; x_wconf 93' lang='lat' dir='ltr'><strong>qui</strong></span> <span class='ocrx_word' id='word_1_265' title='bbox 829 3265 881 3320; x_wconf 88' lang='lat' dir='ltr'><strong>post</strong></span> <span class='ocrx_word' id='word_1_266' title='bbox 902 3256 966 3302; x_wconf 89' lang='lat' dir='ltr'><strong>illum</strong></span> <span class='ocrx_word' id='word_1_267' title='bbox 988 3272 1034 3303; x_wconf 90' lang='lat' dir='ltr'><strong>non</strong></span> <span class='ocrx_word' id='word_1_268' title='bbox 1056 3262 1156 3318; x_wconf 90' lang='lat' dir='ltr'><strong>poneret.</strong></span> <span class='ocrx_word' id='word_1_269' title='bbox 1197 3253 1328 3309; x_wconf 86' lang='lat' dir='ltr'><strong>Harduino,</strong></span> <span class='ocrx_word' id='word_1_270' title='bbox 1347 3253 1383 3315; x_wconf 89' lang='lat' dir='ltr'><strong>qui</strong></span> 
     </span>
     <span class='ocr_line' id='line_1_26' title="bbox 231 3318 1383 3384; baseline -0.003 -18"><span class='ocrx_word' id='word_1_271' title='bbox 231 3319 264 3374; x_wconf 67' lang='lat' dir='ltr'><strong>Q„</strong></span> <span class='ocrx_word' id='word_1_272' title='bbox 275 3319 397 3368; x_wconf 88' lang='lat' dir='ltr'><strong>Horatium</strong></span> <span class='ocrx_word' id='word_1_273' title='bbox 409 3320 516 3368; x_wconf 86' lang='lat' dir='ltr'><strong>Flaccum</strong></span> <span class='ocrx_word' id='word_1_274' title='bbox 536 3329 605 3384; x_wconf 85' lang='lat' dir='ltr'><strong>negat</strong></span> <span class='ocrx_word' id='word_1_275' title='bbox 621 3328 735 3368; x_wconf 89' lang='lat' dir='ltr'><strong>auctorem</strong></span> <span class='ocrx_word' id='word_1_276' title='bbox 752 3323 819 3384; x_wconf 85' lang='lat' dir='ltr'><strong>hujus</strong></span> <span class='ocrx_word' id='word_1_277' title='bbox 834 3320 903 3368; x_wconf 84' lang='lat' dir='ltr'><strong>libelli</strong></span> <span class='ocrx_word' id='word_1_278' title='bbox 919 3335 974 3376; x_wconf 88' lang='lat' dir='ltr'><strong>esse,</strong></span> <span class='ocrx_word' id='word_1_279' title='bbox 992 3322 1153 3384; x_wconf 80' lang='lat' dir='ltr'><strong>respondemus</strong></span> <span class='ocrx_word' id='word_1_280' title='bbox 1166 3319 1223 3366; x_wconf 87' lang='lat' dir='ltr'><strong>loeis</strong></span> <span class='ocrx_word' id='word_1_281' title='bbox 1238 3319 1272 3374; x_wconf 90' lang='lat' dir='ltr'><strong>iis,</strong></span> <span class='ocrx_word' id='word_1_282' title='bbox 1290 3318 1383 3366; x_wconf 84' lang='lat' dir='ltr'><strong>andeis</strong></span> 
     </span>
     <span class='ocr_line' id='line_1_27' title="bbox 229 3382 1383 3448; baseline -0.003 -16"><span class='ocrx_word' id='word_1_283' title='bbox 229 3391 294 3448; x_wconf 88' lang='lat' dir='ltr'><strong>putat</strong></span> <span class='ocrx_word' id='word_1_284' title='bbox 309 3385 353 3431; x_wconf 86' lang='lat' dir='ltr'><strong>hoc</strong></span> <span class='ocrx_word' id='word_1_285' title='bbox 369 3386 464 3447; x_wconf 85' lang='lat' dir='ltr'><strong>probari.</strong></span> <span class='ocrx_word' id='word_1_286' title='bbox 481 3382 523 3444; x_wconf 92' lang='lat' dir='ltr'><strong>G.)</strong></span> <span class='ocrx_word' id='word_1_287' title='bbox 558 3385 637 3433; x_wconf 87' lang='lat' dir='ltr'><strong>Placet</strong></span> <span class='ocrx_word' id='word_1_288' title='bbox 652 3386 707 3432; x_wconf 91' lang='lat' dir='ltr'><strong>mibi</strong></span> <span class='ocrx_word' id='word_1_289' title='bbox 722 3387 833 3434; x_wconf 86' lang='lat' dir='ltr'><strong>sententia</strong></span> <span class='ocrx_word' id='word_1_290' title='bbox 848 3384 976 3439; x_wconf 84' lang='lat' dir='ltr'><strong>Wielandii,</strong></span> <span class='ocrx_word' id='word_1_291' title='bbox 993 3387 1031 3447; x_wconf 92' lang='lat' dir='ltr'><strong>qui</strong></span> <span class='ocrx_word' id='word_1_292' title='bbox 1048 3392 1122 3448; x_wconf 80' lang='lat' dir='ltr'><strong>negat,</strong></span> <span class='ocrx_word' id='word_1_293' title='bbox 1140 3383 1264 3430; x_wconf 88' lang='lat' dir='ltr'><strong>Horatium</strong></span> <span class='ocrx_word' id='word_1_294' title='bbox 1284 3384 1383 3430; x_wconf 87' lang='lat' dir='ltr'><strong>voluisse</strong></span> 
     </span>
     <span class='ocr_line' id='line_1_28' title="bbox 229 3446 1383 3514; baseline -0.003 -18"><span class='ocrx_word' id='word_1_295' title='bbox 229 3451 266 3496; x_wconf 90' lang='lat' dir='ltr'><strong>hic</strong></span> <span class='ocrx_word' id='word_1_296' title='bbox 277 3450 331 3496; x_wconf 82' lang='lat' dir='ltr'><strong>artis</strong></span> <span class='ocrx_word' id='word_1_297' title='bbox 346 3450 442 3512; x_wconf 82' lang='lat' dir='ltr'><strong>po&#39;e&#39;ticae</strong></span> <span class='ocrx_word' id='word_1_298' title='bbox 458 3451 545 3497; x_wconf 85' lang='lat' dir='ltr'><strong>tradere</strong></span> <span class='ocrx_word' id='word_1_299' title='bbox 559 3458 677 3514; x_wconf 82' lang='lat' dir='ltr'><strong>praecepta,</strong></span> <span class='ocrx_word' id='word_1_300' title='bbox 696 3452 735 3498; x_wconf 86' lang='lat' dir='ltr'><strong>sed</strong></span> <span class='ocrx_word' id='word_1_301' title='bbox 750 3453 840 3498; x_wconf 84' lang='lat' dir='ltr'><strong>hortatu</strong></span> <span class='ocrx_word' id='word_1_302' title='bbox 853 3449 942 3496; x_wconf 88' lang='lat' dir='ltr'><strong>Pisonis</strong></span> <span class='ocrx_word' id='word_1_303' title='bbox 953 3451 1022 3511; x_wconf 86' lang='lat' dir='ltr'><strong>patris</strong></span> <span class='ocrx_word' id='word_1_304' title='bbox 1035 3449 1142 3497; x_wconf 85' lang='lat' dir='ltr'><strong>Pisonem</strong></span> <span class='ocrx_word' id='word_1_305' title='bbox 1153 3464 1255 3511; x_wconf 87' lang='lat' dir='ltr'><strong>puerum,</strong></span> <span class='ocrx_word' id='word_1_306' title='bbox 1272 3449 1340 3495; x_wconf 88' lang='lat' dir='ltr'><strong>nimis</strong></span> <span class='ocrx_word' id='word_1_307' title='bbox 1356 3446 1383 3493; x_wconf 88' lang='lat' dir='ltr'><strong>ad</strong></span> 
     </span>
     <span class='ocr_line' id='line_1_29' title="bbox 230 3513 1382 3578; baseline -0.003 -16"><span class='ocrx_word' id='word_1_308' title='bbox 230 3529 309 3562; x_wconf 84' lang='lat' dir='ltr'><strong>versus</strong></span> <span class='ocrx_word' id='word_1_309' title='bbox 325 3513 439 3561; x_wconf 88' lang='lat' dir='ltr'><strong>iaciendos</strong></span> <span class='ocrx_word' id='word_1_310' title='bbox 454 3515 583 3577; x_wconf 83' lang='lat' dir='ltr'><strong>proclivem,</strong></span> <span class='ocrx_word' id='word_1_311' title='bbox 600 3516 686 3578; x_wconf 70' lang='lat' dir='ltr'><strong>apoesi</strong></span> <span class='ocrx_word' id='word_1_312' title='bbox 702 3516 822 3574; x_wconf 87' lang='lat' dir='ltr'><strong>deterrere,</strong></span> <span class='ocrx_word' id='word_1_313' title='bbox 839 3515 871 3563; x_wconf 90' lang='lat' dir='ltr'><strong>rei</strong></span> <span class='ocrx_word' id='word_1_314' title='bbox 886 3514 1017 3562; x_wconf 86' lang='lat' dir='ltr'><strong>difficultate</strong></span> <span class='ocrx_word' id='word_1_315' title='bbox 1031 3515 1190 3570; x_wconf 84' lang='lat' dir='ltr'><strong>demonstrate,</strong></span> <span class='ocrx_word' id='word_1_316' title='bbox 1207 3521 1231 3562; x_wconf 88' lang='lat' dir='ltr'><strong>et</strong></span> <span class='ocrx_word' id='word_1_317' title='bbox 1247 3513 1315 3570; x_wconf 89' lang='lat' dir='ltr'><strong>vitiis,</strong></span> <span class='ocrx_word' id='word_1_318' title='bbox 1333 3527 1382 3574; x_wconf 90' lang='lat' dir='ltr'><strong>quae</strong></span> 
     </span>
     <span class='ocr_line' id='line_1_30' title="bbox 230 3579 692 3644; baseline 0 -16"><span class='ocrx_word' id='word_1_319' title='bbox 230 3580 301 3644; x_wconf 83' lang='lat' dir='ltr'><strong>vulgo</strong></span> <span class='ocrx_word' id='word_1_320' title='bbox 312 3579 400 3628; x_wconf 87' lang='lat' dir='ltr'><strong>soleant</strong></span> <span class='ocrx_word' id='word_1_321' title='bbox 411 3580 527 3636; x_wconf 71' lang='lat' dir='ltr'><strong>commiti,</strong></span> <span class='ocrx_word' id='word_1_322' title='bbox 539 3581 649 3629; x_wconf 89' lang='lat' dir='ltr'><strong>indicatis.</strong></span> <span class='ocrx_word' id='word_1_323' title='bbox 691 3579 692 3584; x_wconf 69' lang='grc'>’</span> 
     </span>
    </p>
   </div>
   <div class='ocr_carea' id='block_1_7' title="bbox 324 3715 1109 4027">
    <p class='ocr_par' dir='ltr' id='par_1_7' title="bbox 324 3715 1109 4027">
     <span class='ocr_line' id='line_1_31' title="bbox 326 3715 1043 3808; baseline 0.003 -26"><span class='ocrx_word' id='word_1_324' title='bbox 326 3715 488 3782; x_wconf 72' lang='lat' dir='ltr'><strong>Humano</strong></span> <span class='ocrx_word' id='word_1_325' title='bbox 503 3719 599 3804; x_wconf 86' lang='lat' dir='ltr'><strong>capiti</strong></span> <span class='ocrx_word' id='word_1_326' title='bbox 612 3720 765 3784; x_wconf 89' lang='lat' dir='ltr'><strong>cervicem</strong></span> <span class='ocrx_word' id='word_1_327' title='bbox 779 3719 882 3805; x_wconf 89' lang='lat' dir='ltr'><strong>pictor</strong></span> <span class='ocrx_word' id='word_1_328' title='bbox 895 3719 1043 3808; x_wconf 85' lang='lat' dir='ltr'><strong>equinam</strong></span> 
     </span>
     <span class='ocr_line' id='line_1_32' title="bbox 324 3827 1079 3916; baseline 0.003 -24"><span class='ocrx_word' id='word_1_329' title='bbox 324 3827 465 3916; x_wconf 76' lang='lat' dir='ltr'><strong>iungere</strong></span> <span class='ocrx_word' id='word_1_330' title='bbox 481 3829 507 3894; x_wconf 90' lang='lat' dir='ltr'><strong>si</strong></span> <span class='ocrx_word' id='word_1_331' title='bbox 521 3829 605 3908; x_wconf 88' lang='lat' dir='ltr'><strong>velit,</strong></span> <span class='ocrx_word' id='word_1_332' title='bbox 621 3845 653 3894; x_wconf 90' lang='lat' dir='ltr'><strong>et</strong></span> <span class='ocrx_word' id='word_1_333' title='bbox 666 3830 767 3894; x_wconf 85' lang='lat' dir='ltr'><strong>varias</strong></span> <span class='ocrx_word' id='word_1_334' title='bbox 782 3828 931 3894; x_wconf 86' lang='lat' dir='ltr'><strong>inducere</strong></span> <span class='ocrx_word' id='word_1_335' title='bbox 945 3829 1079 3915; x_wconf 85' lang='lat' dir='ltr'><strong>plumas,</strong></span> 
     </span>
     <span class='ocr_line' id='line_1_33' title="bbox 327 3937 1109 4027; baseline 0.001 -24"><span class='ocrx_word' id='word_1_336' title='bbox 327 3937 480 4027; x_wconf 88' lang='lat' dir='ltr'><strong>Undique</strong></span> <span class='ocrx_word' id='word_1_337' title='bbox 494 3939 615 4006; x_wconf 86' lang='lat' dir='ltr'><strong>collatis</strong></span> <span class='ocrx_word' id='word_1_338' title='bbox 630 3941 790 4020; x_wconf 89' lang='lat' dir='ltr'><strong>membris,</strong></span> <span class='ocrx_word' id='word_1_339' title='bbox 806 3952 843 4005; x_wconf 88' lang='lat' dir='ltr'><strong>ut</strong></span> <span class='ocrx_word' id='word_1_340' title='bbox 857 3941 991 4026; x_wconf 83' lang='lat' dir='ltr'><strong>turpiter</strong></span> <span class='ocrx_word' id='word_1_341' title='bbox 1005 3952 1109 4005; x_wconf 88' lang='lat' dir='ltr'><strong>atrum</strong></span> 
     </span>
    </p>
   </div>
   <div class='ocr_carea' id='block_1_8' title="bbox 198 4085 1380 4169">
    <p class='ocr_par' dir='ltr' id='par_1_8' title="bbox 198 4085 1380 4169">
     <span class='ocr_line' id='line_1_34' title="bbox 198 4085 1380 4169; baseline -0.002 -21"><span class='ocrx_word' id='word_1_342' title='bbox 198 4104 213 4148; x_wconf 76' lang='lat'>2</span> <span class='ocrx_word' id='word_1_343' title='bbox 230 4101 267 4163; x_wconf 91' lang='lat' dir='ltr'><strong>qui</strong></span> <span class='ocrx_word' id='word_1_344' title='bbox 278 4097 333 4148; x_wconf 86' lang='lat' dir='ltr'><strong>velit</strong></span> <span class='ocrx_word' id='word_1_345' title='bbox 343 4099 397 4149; x_wconf 82' lang='lat' dir='ltr'><strong>MS.</strong></span> <span class='ocrx_word' id='word_1_346' title='bbox 409 4103 500 4150; x_wconf 80' lang='lat' dir='ltr'><strong>Brrsm.</strong></span> <span class='ocrx_word' id='word_1_347' title='bbox 506 4117 550 4164; x_wconf 78' lang='lat' dir='ltr'><strong>pro</strong></span> <span class='ocrx_word' id='word_1_348' title='bbox 560 4103 657 4166; x_wconf 83' lang='lat' dir='ltr'><strong>plumas,</strong></span> <span class='ocrx_word' id='word_1_349' title='bbox 667 4102 751 4152; x_wconf 82' lang='lat' dir='ltr'><strong>formas</strong></span> <span class='ocrx_word' id='word_1_350' title='bbox 761 4105 820 4169; x_wconf 69' lang='lat' dir='ltr'><strong>conj.</strong></span> <span class='ocrx_word' id='word_1_351' title='bbox 829 4105 907 4152; x_wconf 81' lang='lat' dir='ltr'><strong>Beati.</strong></span> <span class='ocrx_word' id='word_1_352' title='bbox 917 4119 1002 4168; x_wconf 74' lang='lat' dir='ltr'><strong>pennam</strong></span> <span class='ocrx_word' id='word_1_353' title='bbox 1012 4104 1062 4152; x_wconf 87' lang='lat' dir='ltr'><strong>coll.</strong></span> <span class='ocrx_word' id='word_1_354' title='bbox 1074 4105 1127 4152; x_wconf 74' lang='lat' dir='ltr'><strong>Sca.</strong></span> <span class='ocrx_word' id='word_1_355' title='bbox 1159 4105 1175 4150; x_wconf 82' lang='lat'>8</span> <span class='ocrx_word' id='word_1_356' title='bbox 1192 4108 1231 4150; x_wconf 86' lang='lat' dir='ltr'><strong>aut</strong></span> <span class='ocrx_word' id='word_1_357' title='bbox 1237 4117 1282 4164; x_wconf 81' lang='lat' dir='ltr'><strong>pro</strong></span> <span class='ocrx_word' id='word_1_358' title='bbox 1294 4085 1320 4151; x_wconf 81' lang='lat' dir='ltr'><strong>ut</strong></span> <span class='ocrx_word' id='word_1_359' title='bbox 1329 4105 1380 4154; x_wconf 81' lang='lat' dir='ltr'><strong>Son.</strong></span> 
     </span>
    </p>
   </div>
   <div class='ocr_carea' id='block_1_9' title="bbox 197 4241 1380 4437">
    <p class='ocr_par' dir='ltr' id='par_1_9' title="bbox 197 4241 1380 4437">
     <span class='ocr_line' id='line_1_35' title="bbox 232 4241 1315 4306; baseline 0.003 -18"><span class='ocrx_word' id='word_1_360' title='bbox 232 4243 244 4286; x_wconf 94' lang='lat' dir='ltr'><strong>l</strong></span> <span class='ocrx_word' id='word_1_361' title='bbox 263 4241 377 4289; x_wconf 81' lang='lat' dir='ltr'><strong>Hnnsano</strong></span> <span class='ocrx_word' id='word_1_362' title='bbox 397 4242 482 4304; x_wconf 85' lang='lat' dir='ltr'><strong>capiti,·</strong></span> <span class='ocrx_word' id='word_1_363' title='bbox 506 4243 633 4306; x_wconf 87' lang='lat' dir='ltr'><strong>hujusmodi</strong></span> <span class='ocrx_word' id='word_1_364' title='bbox 650 4243 697 4292; x_wconf 85' lang='lat' dir='ltr'><strong>fere</strong></span> <span class='ocrx_word' id='word_1_365' title='bbox 711 4251 775 4292; x_wconf 86' lang='lat' dir='ltr'><strong>erant</strong></span> <span class='ocrx_word' id='word_1_366' title='bbox 844 4247 861 4292; x_wconf 83' lang='lat'><em>8</em></span> <span class='ocrx_word' id='word_1_367' title='bbox 883 4245 996 4306; x_wconf 76' lang='lat' dir='ltr'><strong>Undique,</strong></span> <span class='ocrx_word' id='word_1_368' title='bbox 1008 4257 1037 4290; x_wconf 89' lang='lat' dir='ltr'><strong>ex</strong></span> <span class='ocrx_word' id='word_1_369' title='bbox 1049 4243 1164 4304; x_wconf 81' lang='lat' dir='ltr'><strong>quibusvis</strong></span> <span class='ocrx_word' id='word_1_370' title='bbox 1174 4244 1315 4291; x_wconf 83' lang='lat' dir='ltr'><strong>animalibus.</strong></span> 
     </span>
     <span class='ocr_line' id='line_1_36' title="bbox 197 4305 1380 4373; baseline 0.002 -21"><span class='ocrx_word' id='word_1_371' title='bbox 197 4319 268 4353; x_wconf 80' lang='lat' dir='ltr'><strong>secrae</strong></span> <span class='ocrx_word' id='word_1_372' title='bbox 275 4305 439 4368; x_wconf 82' lang='lat' dir='ltr'><strong>AEgyptiorum</strong></span> <span class='ocrx_word' id='word_1_373' title='bbox 449 4306 555 4364; x_wconf 83' lang='lat' dir='ltr'><strong>Pictnrae,</strong></span> <span class='ocrx_word' id='word_1_374' title='bbox 564 4323 620 4370; x_wconf 83' lang='lat' dir='ltr'><strong>quas</strong></span> <span class='ocrx_word' id='word_1_375' title='bbox 631 4324 705 4360; x_wconf 76' lang='lat' dir='ltr'><strong>noras</strong></span> <span class='ocrx_word' id='word_1_376' title='bbox 715 4311 775 4359; x_wconf 86' lang='lat' dir='ltr'><strong>litte·</strong></span> <span class='ocrx_word' id='word_1_377' title='bbox 841 4309 936 4364; x_wconf 64' lang='lat' dir='ltr'><strong>eman</strong></span> <span class='ocrx_word' id='word_1_378' title='bbox 953 4309 1010 4357; x_wconf 87' lang='lat' dir='ltr'><strong>adeo</strong></span> <span class='ocrx_word' id='word_1_379' title='bbox 1021 4315 1047 4356; x_wconf 90' lang='lat' dir='ltr'><strong>ut</strong></span> <span class='ocrx_word' id='word_1_380' title='bbox 1057 4309 1145 4373; x_wconf 81' lang='lat' dir='ltr'><strong>singula</strong></span> <span class='ocrx_word' id='word_1_381' title='bbox 1157 4310 1281 4358; x_wconf 69' lang='lat' dir='ltr'><strong>menbrum</strong></span> <span class='ocrx_word' id='word_1_382' title='bbox 1297 4305 1380 4370; x_wconf 76' lang='lat' dir='ltr'><strong>aliquod</strong></span> 
     </span>
     <span class='ocr_line' id='line_1_37' title="bbox 198 4369 1024 4437; baseline 0.001 -16"><span class='ocrx_word' id='word_1_383' title='bbox 198 4384 241 4427; x_wconf 78' lang='lat' dir='ltr'><strong>ras,</strong></span> <span class='ocrx_word' id='word_1_384' title='bbox 254 4385 294 4421; x_wconf 84' lang='lat' dir='ltr'><strong>seu</strong></span> <span class='ocrx_word' id='word_1_385' title='bbox 305 4369 493 4437; x_wconf 80' lang='lat' dir='ltr'><strong>Hieroglypbics,</strong></span> <span class='ocrx_word' id='word_1_386' title='bbox 505 4372 614 4424; x_wconf 82' lang='lat' dir='ltr'><strong>dicebant.</strong></span> <span class='ocrx_word' id='word_1_387' title='bbox 808 4375 836 4423; x_wconf 85' lang='lat' dir='ltr'><strong>de</strong></span> <span class='ocrx_word' id='word_1_388' title='bbox 847 4389 888 4423; x_wconf 89' lang='lat' dir='ltr'><strong>suo</strong></span> <span class='ocrx_word' id='word_1_389' title='bbox 899 4373 1024 4423; x_wconf 84' lang='lat' dir='ltr'><strong>conferant.</strong></span> 
     </span>
    </p>
   </div>
   <div class='ocr_carea' id='block_1_10' title="bbox 0 0 1482 5022">
    <p class='ocr_par' dir='ltr' id='par_1_10' title="bbox 0 0 1482 5022">
     <span class='ocr_line' id='line_1_38' title="bbox 0 0 1482 5022; baseline 0 3"><span class='ocrx_word' id='word_1_390' title='bbox 0 0 1482 5022; x_wconf 95' lang='lat' dir='ltr'><strong> </strong></span> 
     </span>
    </p>
   </div>
  </div>
 </body>
</html>
