2972 5020
200 317 262 374 226
573 301 615 378 Q.
640 290 1039 367 HORATHJFLACOI

332 475 457 564 Legati,
472 495 598 540 aversos
613 473 696 540 soliti
711 491 900 558 componere
913 467 1040 532 amicos.

246 597 288 654 30
332 585 402 652 Hic
415 584 587 673 oculis-ego
601 585 693 672 nigra
706 583 784 648 meis
798 578 927 667 collyria
940 578 1057 666 lippus,

332 694 468 760 Illinere.
512 695 638 759 Interea
654 693 814 760 Maecenas
829 688 964 766 advenit,
980 698 1074 774 atque

336 789 498 883 Cocceius,
517 805 694 894 Capitoque
708 800 978 909 simul'Fonteiqs,
991 796 1035 862 ad
1049 817 1188 882 unguem

335 915 450 980 Factus
464 914 573 992 homo,
589 911 722 991 Antoni,
738 931 804 977 non
818 923 854 976 ut
867 912 967 998 magis
981 909 1070 986 alter,
1082 906 1212 972 amicus.
1267 983 1270 988 Ι

335 1021 464 1087 Fundos
480 1021 611 1088 Aufidio
626 1022 732 1086 Lusco
748 1022 889 1085 Praetore
903 1020 1036 1084 libenter

249 1144 289 1200 35
334 1131 534 1220 Linquimus,
549 1132 653 1208 insani
668 1131 805 1195 ridentes
820 1130 951 1215 praemla
964 1129 1086 1205 scribae,

335 1243 537 1321 Praetextam‚
553 1255 585 1307 et
598 1243 697 1307 latum
711 1240 843 1316 clavum,
858 1260 1032 1325 prunaeque
1045 1234 1196 1300 vatillum.

339 1353 379 1418 In
395 1352 631 1418 Mamurrarum
646 1350 720 1415 lassi
733 1348 848 1414 deinde
862 1349 940 1412 urbe
954 1345 1127 1424 manemirs,

336 1446 476 1528 Murenia
489 1464 651 1549 praebenta
665 1461 806 1538 domum,
825 1458 979 1544 Capitone
993 1457 1141 1522 culinam.

338 1574 471 1652 Postera
483 1573 540 1640 lux
554 1572 654 1638 oritur
667 1552 768 1634 multi>
781 1569 957 1655 gratissima
966 1592 974 1632 ε
984 1633 987 1638 ,
997 1587 1133 1654 namque
1149 1653 1151 1660 Ι
1167 1638 1172 1646 ¹

252 1695 295 1752 40
339 1684 460 1750 Plotius
475 1695 507 1748 et
521 1682 636 1748 Varius
654 1680 811 1745 Sinuessae
826 1679 1041 1766 Virgiliusque

339 1794 538 1870 Occurrunt3
560 1791 684 1869 animae,
700 1790 807 1878 quales
821 1809 924 1876 neque
937 1786 1133 1852 candidiores

339 1903 442 1969 Terra
455 1902 537 1982 tulit,
551 1924 653 1990 neque
668 1876 755 1990 queis
769 1925 821 1967 me
835 1900 876 1966 sit
888 1895 1060 1964 devinctior
1074 1895 1163 1960 alter.

341 2013 373 2078 Ο
388 2013 443 2100 qui
457 2011 659 2100 complexus!
683 2024 715 2076 et
727 2011 843 2098 gaudia
856 2021 973 2097 quauta
985 2005 1133 2072 fuerunt!

341 2123 398 2188 Nil
412 2146 472 2210 ego
486 2123 672 2189 oontuierim
681 2121 825 2208 jucundo
839 2142 933 2184 sanus
947 2119 1058 2184 amico.

255 2241 298 2300 45
342 2232 494 2297 Proxima
509 2231 674 2316 Campano
688 2230 777 2316 ponti
791 2253 862 2317 quae
877 2228 993 2306 villula,
1008 2239 1125 2292 tectum

343 2340 498 2418 Praebuit3
521 2353 552 2406 et
566 2340 706 2426 parochi,
722 2363 793 2427 quae
808 2339 934 2418 debent,
948 2339 1035 2427 ligna
1049 2337 1216 2426 salemque.

211 2523 243 2570 36
258 2520 359 2568 batillum
372 2522 399 2568 Ζ.
410 2519 473 2568 Med.
486 2523 557 2570 rtur.
574 2523 629 2571 Vere.
641 2524 711 2570 lma.
728 2523 792 2570 Hor.
808 2523 833 2569 it.
850 2521 885 2568 H.
898 2521 929 2568 St.
941 2521 1013 2579 iimg.
1024 2519 1084 2566 Bor.
1095 2518 1172 2566 Mater.
1188 2519 1266 2565 Bentl.
1283 2515 1402 2568 Catillum

329 2586 423 2648 quidam
433 2600 470 2646 op.
481 2587 575 2636 Aemo.
585 2587 640 2635 Αἶά.
651 2590 684 2636 R.
694 2589 768 2648 Steplr.
788 2586 867 2650 prunei
874 2585 977 2632 bacillum
989 2583 1083 2648 Bomffi
1092 2584 1120 2630 de
1129 2599 1174 2646 qno
1190 2584 1217 2631 V.
1227 2583 1263 2632 Ν.

213 2739 468 2801 mmmqaemrattum
482 2740 507 2787 irs
519 2754 569 2786 arro
579 2747 654 2786 castro
663 2746 789 2800 coegerant,
853 2741 885 2786 36
910 2739 1022 2784 Praesta
1044 2736 1183 2798 superiorum
1204 2744 1253 2785 erat
1273 2737 1402 2801 magistra-

214 2811 243 2852 ut
253 2805 285 2850 ait
296 2805 376 2851 Livius
386 2804 439 2850 Lib.
451 2805 585 2851 CXXVII.
821 2809 899 2850 tuum:
921 2808 976 2864 toga
988 2801 1037 2847 haeo
1048 2808 1096 2847 erat
1106 2802 1182 2848 colore
1192 2803 1280 2863 quidem
1291 2802 1399 2856 madida.

247 2870 280 2914 29
297 2866 372 2916 Causa
391 2869 475 2916 dissidii
492 2867 623 2931 Augustum
639 2869 698 2917 inter
713 2876 736 2916 et
752 2866 789 2915 M.
821 2868 861 2916 sed
871 2881 982 2928 purpureo
992 2864 1060 2912 limbo
1070 2865 1225 2928 circumsepta.

214 2931 343 2981 Antonium
353 2940 402 2979 erat
412 2931 497 2979 Lucius
508 2933 624 2980 Antonius
633 2933 727 2988 Consul,
737 2933 790 2980 Tri-
853 2932 979 2979 Loticlaor‘o
990 2930 1065 2977 tunica
1078 2928 1125 2976 fere
1139 2930 1272 2978 Senatorum
1283 2938 1336 2978 erat
1346 2945 1402 2994 pro-

215 2996 297 3043 umviri
307 2996 382 3052 frater,
399 2997 437 3058 qui
448 2996 587 3059 Reipublicae
597 3005 620 3045 et
631 2997 790 3045 Brutianarum
821 2997 874 3060 pria,
886 3003 912 3043 ut
924 2994 1085 3057 angustielavia
1095 2993 1213 3054 Equitum.

215 3060 313 3124 partium
330 3076 429 3108 amorem
445 3077 493 3124 prae
510 3077 535 3109 se
556 3062 636 3118 ferens,
656 3062 679 3108 in
696 3063 790 3125 Augus·
854 3063 987 3121 Pranaeqroe
1001 3059 1120 3114 omitum
1137 3061 1177 3106 De
1198 3061 1280 3106 balneis
1296 3061 1401 3120 puhlior's

216 3131 265 3171 tum
276 3139 338 3172 arma
354 3133 462 3181 moverat,
473 3125 591 3187 fratrisque
602 3127 708 3174 autolium
719 3128 789 3188 impe
817 3140 908 3186 prunos
918 3125 958 3171 sibi
968 3126 1062 3170 domum
1071 3138 1086 3167 o
1096 3124 1234 3170 nrediasnnis
1241 3125 1321 3188 (fiori
1332 3140 1400 3184 neug-

215 3196 321 3238 traverat.
352 3190 455 3237 Tandem
466 3207 520 3238 vero
532 3191 609 3237 matris
622 3191 639 3239 J
641 3191 691 3238 uliae
709 3202 789 3254 rogatu
820 3193 847 3237 ni
852 3190 970 3250 pendebat.
1002 3187 1092 3242 Deoas,
1103 3186 1166 3244 osas,
1177 3196 1266 3236 vetuste
1275 3191 1341 3245 mro,
1350 3187 1399 3236 fieri

216 3261 240 3301 et
252 3251 343 3302 Cocceii
354 3254 440 3302 Nervae
450 3256 540 3302 hortatu
551 3254 665 3302 Antonius
677 3271 728 3302 curn
740 3257 790 3302 Au·
822 3255 910 3302 videtur
919 3253 1028 3301 meritum.

216 3325 285 3380 gusto
302 3335 379 3381 pacem
394 3318 455 3374 lecit,
474 3330 564 3382 accepta
585 3320 608 3366 in
624 3320 790 3368 matrimonium
854 3322 886 3366 87
903 3319 1009 3366 Formias
1026 3318 1105 3364 urbem
1121 3318 1237 3381 saepiam,
1259 3319 1313 3366 birro
1329 3334 1400 3368 Μω-

217 3381 313 3431 Octavia
324 3383 425 3446 Augusti
436 3399 520 3435 sorore.
821 3383 926 3448 quassit
935 3381 1031 3446 fimitis
1048 3383 1229 3430 Mamurrarum
1244 3383 1334 3432 moeso
1352 3387 1399 3432 loco

248 3451 281 3494 80
297 3448 394 3509 Limnes,
404 3450 427 3496 h.
438 3464 458 3496 e.
468 3449 528 3510 quod
538 3449 611 3511 lippus
622 3465 702 3497 essem.
821 3455 885 3496 nata.

248 3515 280 3560 82
297 3514 337 3558 Ad
347 3528 450 3573 angerem
459 3514 542 3576 sactus
552 3515 622 3569 tomo
641 3515 758 3561 translatio
774 3530 790 3560 a
853 3517 885 3561 88
902 3512 1019 3568 Mamm,
1031 3512 1099 3559 frater
1109 3512 1145 3558 hic
1155 3518 1204 3560 erat
1214 3511 1330 3562 Terenn'ae
1340 3529 1399 3562 uxo·

216 3578 378 3633 marmorarios
388 3579 428 3639 qai
436 3576 563 3638 jurrctaros
579 3594 722 3626 memnonem
738 3587 790 3626 tam
823 3578 853 3626 ris
868 3576 1011 3625 Maecenatis.

216 3642 310 3689 demum
323 3642 432 3706 propbetas
447 3643 534 3699 amnt,
544 3644 658 3703 siunmer's
668 3645 791 3704 superduc-
853 3643 976 3698 Domum,¹
993 3642 1120 3702 ioqritium.

216 3707 459 3770 nononrffeadatur.
857 3708 979 3761 &dinam
996 3707 1049 3754 h.e.
1060 3721 1156 3754 coenans.

248 3772 282 3817 84
298 3772 380 3818 Fundi
390 3771 495 3834 oppidum
506 3771 529 3817 in
540 3772 577 3818 n‘a
587 3771 668 3833 Appia.
855 3775 887 3818 39
905 3773 997 3818 Postero
1018 3772 1058 3819 luo
1076 3772 1163 3827 cutm,-
1187 3769 1279 3819 ndicrtle
1297 3771 1399 3820 imitatur

249 3832 299 3882 Iste
308 3835 420 3884 discessus
431 3835 543 3889 aFundis,
553 3842 658 3897 tanquam
667 3852 703 3882 res
709 3851 792 3900 magna
823 3835 916 3897 Epicos.

217 3905 242 3946 et
251 3899 400 3946 morareris
409 3899 515 3946 accidisse
526 3900 605 3946 dieitur
613 3901 706 3963 Arfidio
714 3902 791 3948 Lusco
856 3902 887 3946 lt)
904 3900 992 3948 Plotius
1001 3906 1023 3946 et
1038 3900 1125 3956 Venias,
1138 3899 1218 3948 Po'e'tae
1229 3901 1252 3948 bi
1265 3909 1331 3949 erant
1341 3901 1399 3949 celo·

217 3965 326 4020 metm,
340 3965 464 4011 imitatione
477 3963 640 4018 Romanorum,
658 3965 696 4025 qui
710 3964 792 4026 aliquid
823 3964 919 4012 berrirni.

218 4029 320 4076 evenisse
331 4028 433 4076 dicebant
442 4028 486 4075 hoo
496 4035 520 4074 et
530 4027 568 4074 illo
580 4027 687 4076 Consule.
855 4031 882 4076 41
905 4029 1022 4077 Candidus
1037 4044 1106 4090 purus
1127 4031 1155 4077 ab
1174 4031 1236 4077 omni
1257 4031 1353 4088 macula,
1374 4039 1398 4080 et

251 4097 282 4140 85
299 4093 382 4140 Insani
399 4093 467 4139 modo
482 4093 556 4155 posuit
569 4109 610 4156 pro
626 4093 707 4149 stolidi,
725 4100 792 4155 atque
824 4095 952 4156 simpliciter
962 4094 1042 4141 bonus.
1183 4141 1185 4146 ,
1229 4128 1232 4136 .

219 4153 279 4203 Italo
290 4158 376 4205 bonore
388 4157 540 4220 superbientis.
855 4162 887 4206 44
902 4161 977 4206 &aas
982 4158 1024 4214 ,·h.
1035 4173 1055 4206 e.
1065 4159 1176 4220 quamdiu
1186 4168 1398 4208 sananoentemm.

250 4222 466 4283 Praemtqmm
479 4222 600 4282 digaion's.
856 4226 886 4270 45
905 4225 1020 4283 Campano
1038 4225 1119 4282 ponti,·
1142 4225 1183 4286 qui
1199 4233 1231 4272 est
1250 4227 1307 4272 citro
1325 4226 1398 4274 XVI.

251 4282 325 4332 Erant
339 4294 414 4334 autern
432 4287 510 4334 scribae
520 4286 567 4333 sere
581 4286 677 4334 libertini
693 4289 791 4350 generis.
823 4289 980 4337 millmriumo
994 4289 1081 4348 Copma.

218 4347 432 4408 Aprtdnosreoero,
443 4351 501 4399 sierrt
516 4359 576 4406 sunt,
593 4353 790 4402 meracam-t-
852 4354 884 4402 46
902 4352 1006 4412 Parati,
1021 4353 1107 4415 patei
1125 4354 1242 4404 mammes.
1274 4355 1312 4404 Hi
1328 4355 1395 4404 aare

217 4412 251 4460 ta
260 4408 434 4465 armametres*
453 4413 545 4466 Cornel.
555 4415 643 4482 Nepos.
