2954 5022
365 332 736 408 ,EPISTOLARUM
759 337 834 400 Lra.
858 334 885 399 Ι.
908 343 937 400 2.
1200 341 1262 400 als

205 500 288 578 Quae
301 501 424 569 laedunt
437 505 575 585 oculum,
596 505 723 570 festinas
737 507 880 585 demere3
902 505 1018 592 siquid

204 612 263 677 Est
276 615 427 693 animum,
442 616 549 680 differs
564 615 695 680 curandi
709 631 832 702 tempus
847 619 880 680 in
894 614 1039 681 annum?

117 729 159 786 40
204 721 383 790 Dimidium
398 723 481 802 facti,
497 725 552 811 qui
566 725 671 810 coepit,
687 726 801 790 habet:
825 747 935 811 sapere
950 725 1030 789 aude
1039 747 1048 801 ;

204 831 324 916 Incipe.
368 834 423 920 qui
437 826 521 898 recti
536 835 660 899 vivendi
674 811 825 922 prorogat
838 835 961 912 horam,

206 941 356 1012 Rusticus
372 955 517 1029 expectat
530 943 607 1008 dum
621 945 740 1010 defluat
753 945 871 1022 amnis3
894 956 926 1009 at
939 944 992 1011 ille

203 1050 349 1130 Labitur,
372 1064 404 1117 et
417 1052 539 1118 labetur
554 1054 587 1116 in
602 1076 696 1118 omne
711 1054 855 1119 volubilis
870 1076 983 1118 aevum.

204 1160 370 1235 Quaeritur
383 1175 559 1249 argentum,
575 1165 743 1250 puerisque
757 1164 849 1230 beata
863 1163 1006 1227 creandis

118 1276 159 1334 45
206 1269 310 1348 Uxor,
333 1284 365 1335 et
379 1273 506 1337 incultae
520 1286 673 1357 pacantur
687 1297 813 1339 vomere
828 1274 924 1338 silvae.

203 1379 302 1456 Quod
318 1355 393 1446 satis
408 1395 455 1446 est
469 1383 520 1446 cui
534 1384 675 1470 contigit,
687 1382 739 1447 hic
754 1383 832 1448 nihil
847 1365 980 1468 ampliris
995 1395 1091 1468 optet.

204 1488 280 1554 Non
296 1491 410 1555 domus
425 1506 457 1557 et
470 1493 596 1571 fundus,
611 1516 676 1558 non
691 1493 762 1557 aeris
777 1515 906 1556 acervus
921 1506 952 1557 et
966 1494 1036 1557 auri

203 1598 345 1686 AEgroto
360 1602 480 1666 domini
494 1603 626 1668 deduxit
640 1625 772 1688 corpore
786 1601 898 1680 febres,

207 1708 283 1772 Non
299 1711 405 1776 animo
421 1734 522 1777 curas.
566 1713 680 1778 Valeat
693 1733 855 1798 possessor
870 1724 1004 1797 oportet,

121 1827 160 1883 50
206 1821 242 1884 Si
257 1824 460 1907 comportatis
474 1823 569 1888 rebus
583 1811 664 1889 beni
679 1824 796 1911 cogitat
810 1824 864 1888 uti.
940 1893 947 1905 ‚

204 1929 274 2005 Qui
288 1933 377 2018 cupit
391 1945 445 1998 aut
459 1934 579 2012 metuit,
591 1935 682 2019 juvat
696 1933 785 1998 illum
801 1934 845 1998 sic
859 1933 973 1997 domus
987 1944 1019 1997 et
1033 1955 1093 2011 res,

171 2033 174 2037 ’
204 2039 254 2105 Ut
267 2041 390 2127 lippum
404 2045 498 2128 pictae
512 2043 639 2121 tabulae,
661 2043 799 2108 fomenta
814 2043 1000 2130 podagram,

203 2151 374 2216 Auriculas
389 2153 518 2218 citharae
532 2140 663 2219 collecti
677 2152 770 2216 sorde
785 2151 945 2216 dolentes„

207 2260 375 2326 Sincerum
390 2275 438 2326 est
451 2264 512 2327 nisi
526 2287 598 2341 vas3
621 2262 841 2350 quodcumque
856 2261 1004 2340 infundis,
1020 2263 1142 2327 acescit.

121 2375 158 2432 55
203 2371 328 2455 Sperne
342 2372 534 2457 voluptates:
557 2386 650 2437 nocet
664 2385 747 2437 emta
758 2372 867 2437 dolore
876 2372 1029 2457 voluptas.

207 2481 342 2566 Semper
356 2505 467 2548 avarus
482 2495 570 2570 eget:
594 2497 715 2548 certum
729 2496 803 2547 voto
817 2497 889 2568 pete
904 2482 1010 2548 finem.

204 2588 338 2655 Invidus
353 2593 480 2657 alterius
495 2593 659 2657 macrescit
673 2590 766 2656 rebus
782 2591 915 2676 opimis:

205 2687 333 2765 Invidiia
348 2703 445 2767 Siculi
460 2725 524 2767 non
539 2691 686 2766 invenire
702 2702 826 2788 tyranni

206 2809 317 2897 Majus
332 2824 535 2878 tormentum.
580 2812 646 2888 Qui
661 2833 725 2876 non
741 2810 956 2877 moderabitur
969 2814 1036 2893 irae,

123 2927 161 2983 60
203 2921 362 2986 Infectum
377 2923 462 2988 volet
475 2946 553 3001 esse,
569 2921 661 2986 dolor
675 2923 761 3008 quod
776 2924 908 2988 suaserit
921 2936 953 2988 et
967 2947 1067 3003 mens,

203 3032 298 3097 Dum
312 3056 422 3118 poenas
437 3033 511 3099 odio
525 3056 583 3119 per
591 3034 660 3097 ‘vim
675 3033 800 3098 festinat
813 3034 923 3099 inulto.

203 3141 261 3207 Ira
274 3141 363 3208 furor
377 3145 481 3209 brevis
496 3158 560 3209 est:
584 3144 724 3208 animum
740 3167 834 3231 rege:
858 3145 922 3232 qui,
938 3145 998 3210 nisi
1012 3157 1112 3230 paret,

203 3251 364 3339 Imperat:
387 3255 472 3319 hunc
486 3255 602 3334 fraenis,
618 3254 703 3319 hunc
718 3266 752 3320 tu
768 3277 932 3341 compesce
946 3243 1066 3344 ostend.

206 3362 317 3451 Fingit
331 3386 447 3450 equum
462 3348 571 3429 teneri
584 3363 719 3428 docilem
734 3366 854 3430 cervice
870 3367 1018 3452 magister

127 3475 163 3533 65
205 3470 258 3537 Ire
273 3473 357 3536 viam
372 3457 434 3560 quia
450 3485 603 3540 monstret
616 3498 721 3563 eques·
765 3476 946 3554 Venaticus,
963 3499 1003 3540 ex
1018 3499 1082 3563 quo

93 3677 118 3721 88
130 3681 215 3753 pculum
223 3687 306 3744 moal
316 3687 395 3733 Bentl.
407 3688 486 3734 oculos
496 3688 526 3733 al.
623 3689 652 3734 ll
671 3703 755 3735 annum
768 3703 812 3748 pro
828 3688 905 3734 horam
918 3689 949 3736 F.
963 3688 991 3736 G.
1008 3695 1030 3734 et
1046 3689 1110 3734 Med.
1123 3690 1194 3736 1486.
1227 3683 1269 3734 In·

120 3757 176 3804 cipe:
195 3751 285 3796 vivendi
305 3760 366 3797 recte
381 3752 419 3812 qui
443 3753 505 3799 Gur.
525 3753 608 3799 Lomb.
636 3757 640 3766 ’
705 3755 737 3800 id
754 3753 872 3815 contingit,
885 3752 940 3798 nihil
958 3754 1026 3800 MSS.
1043 3761 1065 3799 et
1079 3754 1269 3814 mimaeeditmt

119 3807 187 3857 aaut
224 3817 255 3862 ⁵2
267 3816 391 3878 podagram
402 3831 485 3864 omnes.
524 3819 553 3862 61
567 3818 620 3863 dum
633 3818 679 3864 vim
690 3819 745 3864 Bos.
785 3819 816 3864 65
829 3833 896 3878 quam
908 3826 1019 3865 monstrat
1035 3819 1089 3864 Vera.
1108 3819 1173 3867 Glcr.
1184 3819 1270 3865 lamb.

120 3989 147 4035 89
162 3992 209 4048 Eat,
237 3994 313 4045 testu.
356 3997 480 4046 Homerica
506 3997 603 4046 formula
626 3998 656 4046 Il.
721 4003 753 4046 50
771 4003 836 4047 Bene
853 4001 934 4062 cogitat
949 4001 991 4055 uti,
1009 3998 1171 4054 Hellenismus,
1187 3995 1271 4058 μίλλυ

96 4048 117 4096 Ζ.
126 4055 174 4102 208.
189 4055 209 4102 ἓν
219 4060 291 4120 Souis
308 4059 412 4118 asellus,
423 4064 483 4125 quod
502 4062 550 4112 Cic.
562 4063 618 4110 Tus.
633 4067 657 4111 3.
690 4061 714 4111 td
723 4066 836 4130 χρῆσθαι.

96 4129 112 4159 ἓ·
120 4119 154 4166 26.
168 4123 243 4180 reddit,
256 4127 309 4186 Ιρεε
319 4143 389 4174 suum
400 4143 438 4174 cor
448 4131 521 4176 edens.
624 4129 627 4136 “
722 4133 754 4176 54
770 4129 1065 4190 Sincaonapurumvitio.

122 4181 148 4228 40
162 4186 381 4255 Dimidiuncsacti5
397 4193 425 4240 de
438 4194 560 4241 Proverbio
573 4193 657 4242 Graeco
722 4197 754 4241 58
772 4196 842 4242 &cadi
862 4195 962 4256 tyranni,
988 4194 1015 4240 de
1040 4191 1164 4239 Phalaridis
1189 4190 1267 4238 Tauro

98 4252 132 4301 “is
141 4246 209 4314 Ἀρχὴ
220 4252 287 4313 ἥμισυ
299 4256 389 4308 παντὸς.
690 4261 808 4322 cogitavit.

123 4312 149 4357 ’ἃ
165 4317 275 4375 Rusticus,
300 4322 323 4368 h.
340 4337 360 4369 e.
385 4324 481 4371 rusticus
503 4324 541 4371 ille
565 4323 593 4371 de
613 4339 658 4386 quo
724 4328 755 4372 60
773 4321 1269 4386 Meruobstinatavoluntasdicilunetpro-

98 4365 182 4436 mihi
200 4383 237 4444 qui
261 4385 336 4434 noluit
357 4388 453 4437 transire
474 4389 566 4447 flumen,
586 4389 659 4438 donec
691 4391 758 4454 positi
767 4390 881 4444 violentia,
890 4390 956 4436 dolor
966 4395 1042 4435 autem
1053 4387 1186 4450 indignatio.

97 4438 135 4484 ¹⁰i²
144 4441 244 4497 deflueret
254 4465 319 4512 aqua.
723 4458 752 4502 61
775 4455 914 4504 oduinullo
926 4453 1038 4502 Dativum
1049 4460 1091 4502 est.
