2972 5020
429 338 703 412 sannionum
726 338 802 404 un.
827 335 852 402 1.
879 347 910 419 r.

209 483 305 594 Queis
319 535 433 578 manus
448 513 573 578 insudet
587 511 673 598 vulgi
690 508 967 596 Hermogenisque
983 504 1111 594 Tigelli,

209 627 274 690 Nec
287 625 418 690 recitem
433 624 614 712 quidquam,
630 621 691 684 nisi
705 619 823 697 amicis,
838 619 934 728 idque
949 628 1075 684 coactus

46 744 140 831 spelit.
209 737 279 800 Non
293 735 414 813 ubivis,·
423 713 569 798 corainve
583 730 783 819 quibuslibet.
826 728 901 806 illu
916 727 1021 792 medio
1035 706 1107 814 qui¹

131 854 166 916 7⁵
190 823 332 930 'Scripta
346 843 415 908 foro
430 843 572 920 recitent,
588 857 662 906 sunt
676 839 777 917 multi,
793 839 909 925 quique
923 838 1080 902 lavantes:

51 967 150 1022 lione.
185 929 309 1018 'Suave
323 953 412 1018 locus
426 953 496 1016 voci
510 962 637 1016 resonat
650 938 841 1013 conclusus.''
870 953 893 1024 il
909 947 1024 1012 Inanes

208 1063 282 1128 Hoc
291 1064 393 1150 juvat,
408 1061 495 1128 haud
508 1060 587 1124 illud
602 1071 787 1147 quaerentes,
803 1080 880 1122 num
891 1058 959 1122 sine
973 1079 1078 1136 sensu,

54 1178 150 1249 liberor.
208 1172 368 1258 Tempore
383 1194 460 1236 num
474 1172 590 1236 faciant
604 1170 717 1234 alieno.
760 1139 934 1244 ilLaedere
948 1151 1097 1255 gaudee,'‘

53 1294 138 1356 llum.
209 1283 318 1370 Inquis
326 1267 391 1360 3⁴et
404 1282 466 1346 hoc
481 1280 586 1348 studio
600 1303 716 1366 pravus
730 1262 826 1345 fecis?
859 1284 883 1354 il
899 1278 996 1344 Unde
1010 1277 1143 1364 petitum

133 1403 168 1457 80
209 1392 285 1457 Hoc
299 1393 334 1458 in
348 1414 399 1456 me
409 1391 515 1478 jacis?
536 1404 584 1457 est
598 1404 708 1456 auctor
722 1391 792 1477 quis
807 1389 943 1474 denique
957 1410 1077 1466 eorum,

208 1503 283 1566 Vixi
298 1524 372 1567 cum
386 1500 526 1589 quibus?
548 1501 723 1566 Absentem
738 1503 792 1587 qui
806 1499 891 1564 rodit
904 1497 1058 1574 amicum3

208 1612 275 1690 Qui
289 1635 356 1677 non
370 1611 520 1689 defendit,
535 1611 597 1676 alio
611 1610 778 1695 culpante3
804 1609 922 1674 solutos

211 1725 276 1802 Qui
291 1735 398 1809 captat
410 1723 491 1789 risus
506 1721 681 1799 hominum,
697 1721 874 1808 famamque
888 1716 1019 1794 dicacis;

212 1835 350 1921 Fingere
364 1833 419 1920 qui
433 1854 498 1897 non
513 1832 579 1896 visa
592 1844 716 1918 potest3
741 1831 907 1896 commissa
921 1841 1024 1894 tacere

136 1953 171 2011 85
212 1944 278 2020 Qui
292 1943 404 2030 nequit
413 1965 423 2019 3
444 1941 497 2008 hio
511 1941 602 2027 niger
616 1954 682 2020 est;
705 1941 791 2006 hunc
804 1953 849 2020 tu,
867 1940 1021 2016 Romane,
1037 1949 1155 2004 caveto.

211 2055 304 2138 Saepe
318 2053 420 2116 tribus
433 2051 521 2116 lectis
536 2051 641 2116 videas
656 2073 782 2115 coenare
795 2061 983 2136 quatemos3

210 2164 239 2229 E
253 2163 370 2251 quibus
384 2185 466 2227 unus
481 2174 552 2227 avet
565 2161 673 2249 quavis
688 2182 854 2250 aspergere
868 2171 1009 2236 cunctos,

212 2275 334 2340 Praeter
347 2295 421 2339 eum
435 2271 490 2359 qui
503 2246 625 2358 praeblt
639 2293 773 2360 aquam:
794 2258 877 2356 pdst,
892 2269 978 2336 huno
994 2289 1119 2356 quoque
1133 2278 1237 2354 potus,

36 2413 38 2498 q
202 2385 351 2450 -Condita
365 2363 438 2449 crim
448 2404 545 2448 verax
560 2381 661 2467 aperit
673 2381 849 2468 praecordia
864 2379 971 2445 Liber.

139 2504 174 2560 90
213 2495 281 2567 Hic
294 2493 353 2558 tibi
368 2492 476 2570 comis,
492 2504 524 2557 et
537 2493 686 2572 urbanus,
701 2493 843 2579 liberque
856 2490 990 2568 videtur,

212 2602 334 2667 Infesto
348 2602 467 2689 nigris:
490 2625 550 2690 ego
565 2602 591 2666 si
605 2602 670 2681 risi,
685 2591 772 2690 qudd
785 2602 910 2686 ineptus

118 2747 120 2752 .
213 2712 361 2778 Pastillos
379 2713 516 2778 Rufillus
530 2713 603 2791 olet,
622 2713 804 2800 Gorgonius
822 2710 956 2791 hircum,

213 2822 346 2888 Lividus
361 2835 393 2887 et
407 2822 541 2887 mordax
552 2821 662 2886 videor
675 2821 758 2887 tibi?
780 2821 906 2888 Mentio
920 2821 947 2886 si
961 2841 1023 2908 qua

121 3102 146 3148 7³
159 3100 204 3150 Nee
216 3104 303 3165 prima
316 3103 378 3150 editt.
410 3101 465 3149 Neu
477 3103 537 3150 Cion.
569 3101 688 3163 quidquam
706 3103 776 3148 etiam
791 3105 842 3152 Sar.
874 3100 931 3148 Non
946 3101 1016 3149 recito
1026 3101 1129 3166 cuiquam
1139 3104 1192 3153 edd.
1204 3111 1256 3154 oete.

279 3171 314 3215 88
331 3181 389 3230 aqua
404 3169 480 3215 Venet-
490 3167 521 3231 φ’.
530 3165 639 3214 Muretus
653 3169 684 3212 ad
704 3169 793 3215 Terent.
810 3167 922 3216 Eunuclt.
937 3167 964 3214 V.
973 3171 997 3215 8.
1008 3169 1050 3217 57.

135 3401 162 3446 'tt
173 3400 279 3466 'objicitur
299 3403 406 3459 Horatio,
424 3403 442 3449 si
464 3403 512 3464 ipse
522 3417 568 3449 non
580 3403 665 3458 recitet,
728 3405 762 3450 83
779 3405 866 3464 Captet,
878 3410 1007 3467 aucupatur,
1019 3411 1125 3455 sectatur.

111 3462 153 3510 mos
162 3476 229 3514 tamen
239 3486 297 3524 esse,
310 3467 408 3529 quitatio
418 3468 519 3522 recitent,
530 3467 566 3514 vel
582 3468 665 3530 inipso
729 3468 828 3526 Dionem
840 3469 863 3516 h.
879 3485 899 3516 e.
909 3469 1026 3517 mordacis.
1062 3471 1108 3524 Qui
1122 3470 1273 3519 maledicenda

111 3525 155 3575 loro.
183 3531 270 3596 subjicit
289 3533 364 3595 lepide
381 3533 453 3594 po'e'ta
465 3533 532 3579 etiam
548 3532 571 3578 in
582 3533 667 3579 balneis
698 3532 771 3578 rintm
779 3541 858 3580 movet.

112 3590 144 3638 hoe
152 3593 343 3660 incommonitum,
359 3597 396 3643 ubi
412 3598 502 3644 suavius
513 3604 667 3644 resonetvox.
730 3599 762 3643 85
780 3599 828 3644 Hac
847 3598 911 3658 niger
931 3605 978 3653 est;
995 3598 1011 3646 i.
1028 3614 1048 3646 e.
1066 3599 1146 3648 Malus
1167 3607 1189 3647 et
1207 3615 1274 3648 omre-

114 3652 148 3702 Sed
162 3663 228 3723 magia
246 3664 305 3711 serio
323 3661 391 3718 addit
410 3662 453 3708 hoc
472 3661 546 3708 secere
564 3662 666 3708 homines
697 3669 775 3708 natus.

112 3732 175 3791 ymos·
210 3725 317 3790 Rejectua
344 3726 376 3772 ita
402 3726 548 3781 adversarius,
572 3725 601 3772 In
622 3727 667 3772 hoe
729 3729 762 3772 86
782 3727 951 3783 Tribunlectr'e3
972 3727 1109 3775 Ἠίοὶὰιίυω
1119 3729 1274 3777 &aaran

112 3795 155 3858 ¹1³9,
170 3789 197 3835 eit
211 3793 315 3838 malitiam
333 3805 390 3847 esse,
406 3791 466 3852 qnod
482 3806 529 3837 non
545 3791 629 3846 recitet,
641 3797 667 3837 ut
698 3791 768 3838 tribus
777 3792 845 3840 lectra

113 3853 169 3896 tubus
177 3856 243 3914 possit
252 3857 336 3904 laedere
346 3869 376 3902 ex
387 3856 484 3903 occulto.
730 3859 762 3902 88
782 3857 828 3909 Qua·
838 3856 924 3916 prebet
938 3872 1039 3919 aqrrom5
1060 3857 1228 3906 convivantem
1239 3857 1273 3904 di-

137 3915 163 3959 78
180 3919 283 3980 Tempore
292 3921 373 3976 abeto,
389 3921 413 3966 b.
430 3935 452 3968 e.
468 3920 631 3982 intempestive,
643 3927 666 3966 et
699 3919 737 3966 cit.
1370 3973 1373 3978 ¹

114 3978 187 4034 Ptrhoc
196 3982 328 4046 importune.
731 3988 763 4030 90
781 3985 854 4031 denen
876 3985 992 4041 suavitate,
1014 3986 1117 4034 arbam
1138 3987 1226 4042 salibus,
1250 3994 1275 4038 et

139 4041 204 4114 dada
231 4051 281 4106 aab,
302 4051 325 4097 h.
336 4065 357 4095 e.
376 4049 479 4095 consulto
495 4049 538 4095 hoc
548 4047 610 4103 sacis,
622 4065 667 4110 quo
697 4051 751 4096 liber
761 4049 842 4112 apertis
846 4051 906 4112 jocis
917 4057 939 4097 et
949 4051 1055 4112 prasenti
1065 4051 1152 4098 fiducia

115 4106 205 4157 tubaria
260 4115 314 4162 dum
326 4113 394 4160 letes:
415 4127 515 4174 mnam
531 4119 605 4160 autem
617 4129 668 4176 per·
732 4117 761 4161 9]
780 4113 866 4178 Iey'esto
881 4115 964 4174 nigrim
990 4115 1013 4162 h.
1024 4131 1043 4162 e.
1055 4116 1092 4176 qui
1103 4115 1138 4161 rie
1154 4114 1224 4162 videri
1238 4115 1276 4164 ia-

117 4179 189 4220 renum
200 4176 250 4224 dicit
259 4186 346 4234 natura,
359 4193 397 4226 seu
409 4178 540 4240 malignum.
700 4177 778 4234 festus,
790 4187 814 4226 et
824 4195 861 4226 me
871 4180 948 4241 culpus
959 4179 987 4225 ob
998 4178 1108 4226 Rufillam
1119 4186 1143 4225 et
1160 4179 1277 4242 Gorgoni-

145 4234 202 4310 llnde
212 4244 308 4302 petitum
319 4250 354 4291 est
365 4257 444 4290 saxum
456 4243 501 4290 hoe
517 4241 577 4304 quod
593 4242 616 4289 in
633 4258 670 4290 me
701 4259 740 4291 um
751 4251 841 4306 propter
851 4244 913 4290 leves
924 4243 1017 4306 ineptiae
1028 4259 1042 4290 a
1053 4259 1089 4291 me
1100 4243 1193 4292 derisos.
1208 4244 1277 4309 (vid.

118 4303 209 4357 coniciet
235 4307 386 4370 Allegoriceis.
703 4307 751 4356 Sat.
763 4312 783 4355 1.
794 4311 818 4356 2.
828 4305 879 4368 27.)

143 4364 167 4409 ⁸1
188 4369 232 4416 ‘Vei
247 4387 300 4420 eam
318 4373 415 4434 qaedam
438 4373 462 4419 b.
476 4387 496 4419 e.
515 4371 670 4420 convictorum
735 4375 766 4420 98
783 4373 880 4422 Lividus
895 4373 1000 4420 idemeet
1013 4372 1085 4434 quiet
1098 4372 1170 4436 niger.

118 4435 208 4487 mmmm,
217 4436 346 4496 quibuscum
358 4437 471 4486 convivari
484 4436 562 4486 solitus
572 4451 629 4484 sum.
