2964 5022
184 315 223 399 '12
536 339 577 416 Q.
602 337 1002 436 Honnrnrmccr

245 516 265 573 5
310 509 391 575 Sunt
404 511 517 598 quibus
531 531 725 598 unumopus
739 523 796 589 est,
811 511 936 575 intactae
952 507 1090 575 Palladrs
1104 509 1215 575 urbem

355 621 502 686 Carmine
516 632 670 708 perpetuo
684 620 851 697 celebrare,
867 631 899 684 et
1107 621 1110 626 ’

308 730 458 818 Undique
477 730 657 816 decerptam
671 729 766 794 fronti
779 750 965 814 praeponere
979 728 1111 792 olivam:

351 839 510 904 Plurimus
524 843 557 903 in
571 839 706 905 Junonis
719 839 873 902 honorem
893 851 900 868 ·

307 949 429 1033 Aptum
442 949 525 1014 dicet
535 949 623 1036 equis
639 949 755 1035 Argos,
770 947 911 1034 ditesque
927 946 1090 1034 Mycenas.

225 1067 265 1124 10
350 1058 408 1124 Me
422 1081 481 1124 nec
490 1072 555 1124 tam
569 1058 691 1144 patiens
706 1057 928 1148 Lacedaenron,

306 1169 375 1234 Nec
389 1181 454 1234 tam
468 1170 605 1235 Larissae
618 1169 772 1255 percussit
785 1190 914 1254 campus
928 1169 1052 1255 opimae,

349 1278 454 1356 Quam
469 1279 581 1345 domus
597 1279 753 1345 Albuneae
767 1279 952 1357 resonantis,
999 1283 1001 1289 '

306 1388 349 1453 Et
361 1410 502 1476 praeccps
518 1391 614 1470 Anio,
634 1413 670 1455 ac
686 1389 821 1456 Tiburni
835 1390 935 1468 lucus,
950 1401 982 1454 et
999 1388 1062 1454 uda

347 1497 522 1565 Mobilibus
535 1501 678 1586 pomaria
690 1499 775 1564 rivis.

222 1616 260 1673 15
305 1607 407 1673 Albus
421 1621 457 1676 ut
470 1609 605 1674 obscuro
619 1608 761 1695 deterget
773 1607 882 1672 nubila
896 1609 976 1673 coelo

347 1718 438 1804 Saepe
453 1719 568 1798 Notus,
583 1740 684 1806 neque
697 1717 833 1803 parturit
845 1705 961 1782 imbres

305 1829 478 1914 Perpetuos
486 1852 495 1905 ;
519 1829 563 1893 sic
577 1840 612 1893 tu
626 1829 750 1914 sapiens
764 1827 855 1892 finire
870 1841 1028 1905 memento

344 1937 519 2003 Tristitiam
533 1938 666 2025 vitoeque
679 1939 803 2004 labores

268 2124 272 2132 p
306 2046 410 2127 Molli,
428 2048 555 2126 Plance,
571 2070 678 2126 mer03
700 2071 754 2113 seu
770 2047 963 2135 tefulgentia
975 2049 1073 2136 signis

217 2165 259 2222 20
346 2157 458 2223 Castra
472 2170 589 2236 tenent,
605 2181 660 2223 seu
675 2157 773 2222 densa
787 2157 905 2223 tenebit

301 2267 430 2332 Tiburis
444 2266 558 2332 umbra
567 2268 622 2332 tui.
666 2266 792 2332 Teucer
804 2266 962 2332 Salamina
975 2280 1160 2356 patremque

345 2377 428 2443 Cum
442 2377 574 2466 fugeret,
591 2389 694 2442 tamen
709 2376 772 2441 uda
787 2376 887 2463 Lyaeo
1025 2463 1026 2468 ἵ

302 2486 464 2575 Tempora
478 2487 613 2574 populea
626 2487 725 2553 fertur
738 2487 875 2552 vinxisse
889 2509 1016 2566 corona,

343 2598 396 2664 Sic
410 2599 513 2664 tristes
527 2597 639 2664 affatus
653 2598 787 2662 amicos:

129 2913 132 2918 .
172 2876 188 2921 5
205 2875 252 2921 Pro
268 2871 352 2926 urben,
364 2871 422 2918 srcis
438 2885 457 2917 s.
477 2885 540 2918 arces
555 2879 605 2931 post
624 2873 677 2918 ulios
687 2871 765 2919 aaut
780 2879 802 2918 et
819 2873 881 2919 Cua.
897 2885 924 2917 ss
939 2870 1008 2918 MSS.
1022 2870 1051 2918 G.
1067 2885 1141 2918 mecm
1157 2870 1210 2918 MS.
1221 2872 1310 2920 Bessos.
1327 2871 1358 2922 C.

203 2941 219 2984 7
236 2936 273 2984 dic
289 2936 357 2984 etiam
372 2937 435 2984 Flor.
445 2943 467 2982 et
477 2936 526 2982 coll.
536 2937 587 2982 Suc.
598 2936 709 2998 decerptae
719 2935 793 2982 frondi
804 2936 899 2982 Erasm.
912 2942 935 2982 et
944 2936 989 2991 ulii,
1001 2950 1057 2996 quos
1066 2935 1145 2998 nj'ells't
1154 2937 1233 2983 Besul.
1275 2939 1291 2984 9
1308 2939 1357 2984 rso

204 3001 258 3049 dicit
268 3001 341 3061 receprs'
349 3015 362 3046 e
370 3001 418 3047 cod.
428 3000 519 3046 Berua.
528 3001 579 3047 edd.
594 3002 669 3048 Vener.
680 3008 703 3048 et
713 3001 790 3047 Beatl.
800 2999 1028 3064 alubqssefisturum:
1042 3015 1100 3046 nam
1107 3002 1216 3060 prcecmr't
1225 3001 1355 3050 laudabunt.

204 3066 232 3113 Ζ.
266 3068 293 3112 11
311 3064 419 3126 perculsit
434 3066 469 3111 ed.
483 3065 548 3112 θίαν.
593 3068 622 3111 13
638 3067 686 3111 Pro
703 3071 727 3110 et
739 3065 812 3124 recepi
822 3079 848 3111 ac
863 3079 918 3111 cum
932 3065 1011 3112 Bensl.
1026 3079 1039 3110 c
1054 3065 1117 3110 codd.
1134 3066 1274 3113 Bersmamu'
1290 3067 1352 3113 aliis·

201 3145 254 3194 quse.
284 3127 385 3176 Tiburtis
395 3129 466 3175 Brod.
498 3127 594 3189 Tyburti
607 3129 671 3178 Glar.
702 3128 790 3176 Tiburti
799 3130 851 3176 MS.
862 3129 951 3176 Bessan.
970 3128 997 3176 Z.
1030 3131 1060 3175 15
1077 3129 1256 3177 Hicaouoeodoe
1263 3131 1356 3178 muium

203 3197 282 3242 Zusut.
295 3193 398 3255 deterget
413 3207 496 3240 onsaes.
513 3193 545 3240 G.
577 3193 674 3256 detergit
683 3193 923 3262 Mamaeanas
958 3195 988 3239 17
1005 3191 1118 3255 Perpetuo
1129 3196 1207 3242 aaut.
1218 3192 1355 3258 Perpetuum

204 3261 264 3308 cisa.
297 3261 327 3305 le
344 3257 432 3305 dolores
442 3258 573 3305 codFahr.
595 3255 625 3310 C.

166 3511 286 3558 prauum,
313 3502 336 3542 et
355 3494 474 3542 latdudiue
486 3495 566 3560 fame
595 3493 746 3557 sesquijugesi.
777 3496 898 3551 Percussit,
906 3492 1238 3542 smoenitatesuaetlertilitste
1248 3494 1354 3552 novics.

68 3598 73 3610 .
171 3559 249 3620 Tlpaen
272 3559 376 3606 dicuntur
400 3557 489 3606 Graecis
511 3559 597 3620 quaevis
622 3559 746 3606 amoeniora
777 3559 902 3607 delectavit.

170 3625 220 3673 loca
231 3625 259 3672 ad
269 3624 387 3671 fluminum
399 3623 457 3685 ripas
473 3639 513 3671 seu
524 3624 623 3686 paludes.
811 3627 840 3670 12
857 3625 949 3672 Dotnus
961 3623 1071 3670 Auum
1087 3625 1217 3680 resumatis,
1239 3624 1288 3686 ipse
1306 3623 1354 3674 Cs-

202 3693 218 3736 5
235 3690 339 3745 Intacta,
351 3688 454 3751 virginis.
776 3695 911 3736 tarractaest
918 3688 1020 3741 Anienis,
1029 3703 1095 3748 quem
1103 3687 1257 3736 incolsehodie
1265 3691 1289 3735 la
1299 3691 1353 3737 Cas-

203 3757 219 3800 6
235 3753 342 3801 Carsulae
354 3767 420 3814 perp.
436 3751 495 3813 quod
512 3752 539 3798 ab
557 3752 621 3799 initio
640 3752 744 3815 deinceps
776 3761 827 3800 catu
838 3760 928 3800 vocant.
944 3753 1005 3799 Hoec
1014 3754 1101 3807 masas
1112 3753 1233 3808 hoecscda,
1244 3755 1354 3801 hoecasut

171 3833 250 3866 omnes
260 3817 337 3865 laudes
348 3818 489 3864 Athenarum
500 3817 607 3864 continet
771 3819 898 3878 pmrebalsh
913 3817 993 3876 magas'
1008 3817 1099 3872 Amnis,
1118 3817 1191 3878 inquit
1209 3816 1304 3864 Ovidius
1326 3819 1353 3865 de

201 3887 218 3929 7
236 3881 371 3944 Ubicunque
388 3881 450 3929 videt
467 3879 533 3928 olivae
548 3880 610 3940 folia,
625 3898 652 3930 ea
667 3882 743 3930 statim
777 3880 908 3930 Cataracta
916 3880 986 3931 Penei
994 3880 1101 3929 fluminis.
1133 3879 1241 3928 Fortasse
1247 3883 1352 3929 ΑΙὺιιπια

169 3947 274 4010 decerpit,
289 3952 312 3993 et
322 3945 391 3993 fronti
402 3961 450 3992 snae
460 3946 577 4006 praeponit.
775 3945 885 4008 Nympha
895 3961 941 3992 non
952 3945 995 3992 aliu
1005 3951 1054 3992 erat
1063 3959 1130 4006 quam
1141 3945 1190 4008 ipss
1199 3947 1246 3992 Ilia
1257 3945 1352 3994 Anienis

202 4015 218 4059 9
234 4011 324 4072 Apsum
333 4011 401 4072 equh,
412 4016 544 4072 perpetuum
556 4010 687 4073 Epitheton,
699 4026 743 4073 quo
776 4027 848 4069 uxor;
867 4025 950 4057 nornen
959 4010 1035 4056 habuit
1045 4011 1073 4056 ab
1083 4008 1164 4057 Albula
1178 4010 1273 4058 Anienis
1283 4010 1352 4059 fonte.

169 4076 237 4124 modo
260 4077 382 4129 Hommss,
396 4072 479 4138 Ἀργος
502 4072 628 4132 lenitas-ss.
669 4075 743 4124 Plinio
810 4078 841 4124 le
856 4074 971 4123 Tiburnus
989 4073 1073 4129 Heres,
1090 4073 1181 4121 Tiburis
1201 4075 1309 4132 conditor,
1329 4083 1352 4124 et

170 4139 244 4200 Argon
255 4140 376 4202 Hippiam·
776 4139 907 4202 Amphiarai
919 4139 955 4186 vel
966 4138 1025 4185 lilius
1036 4139 1073 4186 vel
1081 4153 1158 4201 nepos.
1217 4195 1219 4200 Ι

201 4203 248 4251 Per
262 4207 317 4253 dites
334 4204 444 4268 expressit
461 4202 610 4252 Homericum
627 4203 746 4270 πολνχςύὶ
811 4209 840 4252 15
857 4205 944 4252 Album
954 4212 1042 4258 notum,
1052 4212 1080 4250 ut
1094 4205 1169 4251 Graecs'
1179 4203 1310 4252 auum.

168 4284 225 4320 esus.
810 4273 840 4316 17
857 4271 957 4329 Sapierss,
971 4268 1121 4330 Philosophus
1132 4265 1212 4316 sactus.

203 4336 232 4379 10
250 4333 349 4389 Patiens,
360 4334 414 4396 quia
424 4336 451 4382 s'n
461 4333 558 4394 Agonas
568 4333 690 4381 semus
700 4335 744 4381 iau
812 4338 841 4380 19
858 4335 930 4387 Molli,
941 4341 1032 4380 mnam
1042 4341 1064 4380 et
1073 4341 1165 4380 sumto.

169 4397 256 4444 nubila
271 4399 422 4446 corcolmum.
811 4400 932 4460 Fulgcatia
944 4398 1000 4445 dixit
1008 4398 1037 4445 ob
1048 4413 1126 4446 aureas
1137 4397 1228 4459 aquilus.

204 4465 230 4508 ll
252 4461 338 4522 Qum
359 4471 394 4511 est
416 4462 565 4513 Homericum
587 4459 744 4527 'Egaudtms
1045 4499 1050 4508 .
1169 4501 1172 4508 .
