2964 5022
179 364 239 424 102
527 349 571 430 Q.
594 342 802 416 HORATH
825 339 997 412 FLACCI

223 541 261 598 10
304 528 404 596 Ludit
417 527 574 606 exsultim,
590 521 762 608 metuitque
775 518 873 606 tangi,

305 641 496 727 Nuptiarum
510 659 635 724 expers,
650 646 682 700 et
695 631 799 698 adhuc
812 639 962 716 protervo

434 749 543 816 Cruda
557 747 680 813 marito.

307 861 360 926 Tu
374 872 464 947 potes
478 860 574 948 tigres
589 856 780 940 comitesque
795 851 887 916 silvas
956 881 958 884 ·

304 971 444 1050 Ducere,
459 984 491 1035 et
505 971 587 1035 rivos
602 967 720 1032 celeres
733 961 868 1028 morari:

223 1091 261 1148 15
307 1081 411 1146 Cessit
424 1080 568 1144 immanis
585 1078 643 1143 tibi
656 1073 832 1141 blandienti

433 1191 558 1257 Janitor
572 1189 654 1254 aulae

305 1304 482 1380 Cerberus;
505 1301 646 1389 quamvis
660 1298 771 1364 furiale
786 1309 912 1362 centum

304 1414 455 1478 Muniant
468 1435 586 1500 angues
601 1423 696 1497 caput
709 1411 735 1496 ej
740 1431 786 1487 ue,
801 1421 896 1494 atque

310 1525 445 1610 Spiritus
460 1537 539 1588 teter
554 1523 717 1610 saniesque
732 1530 838 1584 manet
883 1567 885 1574 .

219 1645 261 1701 20
438 1634 505 1700 Ore
519 1633 669 1720 trilingui.

306 1747 395 1824 Quin
410 1758 441 1812 et
456 1747 550 1810 Ixion
566 1745 740 1831 Tityosque
755 1741 843 1836 vultu

307 1859 391 1923 Risit
404 1858 520 1923 invito:
544 1856 628 1920 stetit
642 1875 723 1918 urna
735 1852 865 1939 paulum

307 1970 407 2047 Sicca,
424 1967 500 2032 dum
514 1979 605 2054 grato
620 1964 727 2030 Danai
740 1963 863 2050 puellas

435 2077 584 2142 Carmine
598 2076 726 2143 mulces.

218 2197 261 2256 25
304 2189 424 2255 Audiat
439 2187 529 2274 Lyde
545 2187 645 2252 scelus
659 2199 752 2274 atque
768 2195 859 2248 notas

304 2299 471 2386 Virginum
485 2321 606 2384 poenas,
622 2309 653 2361 et
667 2297 759 2359 inane
773 2290 913 2378 lymphae

304 2409 436 2474 Dolium
451 2409 549 2474 fundo
562 2405 722 2495 pereuntis
737 2404 812 2479 imo,

439 2521 577 2607 Seraque
592 2517 681 2614 fata&

305 2630 389 2708 Quae
402 2641 531 2696 manent
544 2613 659 2719 culpas*
668 2625 766 2691 etiam
776 2621 835 2686 sub
851 2618 956 2684 Orco:

221 2750 262 2806 30
305 2739 418 2825 Impiae
433 2747 519 2828 (nam
536 2737 612 2825 quid
625 2749 758 2822 potuere
772 2734 872 2818 majus
881 2730 909 2813 Ρ)

307 2850 419 2936 lmpiae
434 2871 566 2935 sponsos
581 2860 713 2932 potuere
728 2843 810 2906 duro

435 2958 573 3024 Perdere
589 2957 683 3023 ferro.

305 3070 382 3136 Una
395 3069 436 3134 de
452 3069 567 3147 multis,
583 3069 651 3133 face
666 3066 798 3153 nuptiali

302 3179 423 3265 Digna,
438 3181 600 3266 perjurum
616 3178 674 3243 luit
687 3179 720 3242 in
735 3190 899 3264 parentem

219 3297 260 3356 35
305 3288 477 3374 Splendide
491 3287 638 3368 mendax,
654 3301 686 3354 et
700 3289 733 3352 in
748 3287 948 3375 omnevirgo
1015 3312 1017 3316 ¹

431 3397 556 3463 Nobilis
570 3419 688 3462 aevum:

193 3565 223 3612 ts
239 3568 312 3626 ceput,
324 3568 433 3625 creatque
443 3561 501 3623 conj.
511 3561 590 3610 Βοιαὶ.
621 3559 891 3623 Munium-testumque
904 3559 939 3608 ael
952 3559 1014 3610 efflet
1028 3568 1203 3624 atque-manet
1215 3561 1276 3613 Can.
1285 3562 1347 3626 conj.

474 3629 507 3674 30
519 3641 563 3688 pro
574 3640 626 3673 nem
634 3633 666 3674 est
676 3641 731 3672 num
742 3627 768 3674 in
778 3641 826 3674 ueto
834 3628 904 3674 Rem.
914 3627 939 3674 u.
950 3627 999 3674 coll.
1009 3629 1060 3674 Sar.

209 3759 239 3804 lo
256 3755 330 3804 Ludit
344 3755 462 3804 exsultim:
483 3755 674 3803 Anacreonticum
690 3756 751 3812 illud,
817 3757 850 3803 24
866 3754 962 3804 Danaus
973 3756 1135 3818 quinquaginta
1144 3754 1202 3804 filias
1217 3770 1270 3804 atus
1286 3755 1363 3806 fratris

175 3821 296 3888 Σηιςτόσα
307 3818 401 3880 carzere,
412 3821 456 3867 hoc
467 3821 519 3867 loco
527 3821 645 3882 expressit.
784 3821 826 3876 sui,
837 3819 942 3884 AEgypti,
958 3822 1051 3868 totidem
1062 3821 1112 3868 filiis
1123 3821 1230 3868 collocet:
1253 3821 1324 3884 jubet,
1336 3833 1363 3870 ut

210 3891 238 3934 ll
257 3887 370 3941 Proteus,
381 3887 517 3945 inponam,
528 3886 606 3932 nlntio.
783 3885 855 3946 prime
865 3893 933 3932 nocte
943 3901 1009 3932 suum
1020 3901 1116 3947 qumque
1123 3885 1229 3934 meritum
1237 3885 1362 3935 interficiat

209 3955 240 4000 13
260 3952 299 3998 Tu
304 3959 368 4011 potes
373 3971 383 4005 ,-
401 3949 486 4011 Orphei
495 3949 611 3998 historiam
623 3948 720 4010 respicit
785 3949 966 4012 Hypermnestre
977 3951 1024 3997 tola
1034 3951 1106 4012 parcit
1117 3949 1221 4011 Lynceo.

210 4020 239 4063 15
260 4016 311 4070 Tua·
324 4016 464 4070 otanuterui5
481 4029 533 4062 curn
545 4015 629 4063 scilicet
646 4013 751 4077 Orpheus
814 4019 847 4063 29
865 4017 950 4076 Gulpae
959 4016 1035 4078 posuit
1045 4031 1087 4078 pro
1097 4016 1186 4063 eadm

176 4079 306 4142 Eurydicen
318 4095 382 4128 mem
393 4086 510 4141 repeteret.
815 4081 949 4128 Erummt
962 4081 1034 4135 aas
1045 4079 1361 4129 mmmmm

208 4150 238 4193 19
254 4147 334 4193 Sanies
343 4145 406 4206 quasi
416 4145 536 4204 sangrum:
550 4151 585 4192 est
595 4144 656 4192 enim
667 4145 751 4192 mortui
782 4160 850 4206 aque
856 4146 966 4206 muria,
976 4147 1014 4192 sed
1023 4146 1092 4193 etiam
1107 4145 1216 4210 iesse-nali
1223 4147 1361 4206 mederetur

174 4211 289 4272 sanguinis
299 4210 432 4272 corruptela,
444 4217 469 4258 ut
480 4211 556 4258 tabum
567 4210 630 4268 vivi3
650 4216 675 4256 ut
693 4211 751 4257 bene
781 4211 837 4270 igni.

174 4275 274 4324 Servius.
305 4277 397 4324 &nam
408 4276 544 4324 cadaverum
558 4276 612 4322 dizit
622 4276 704 4336 qra'bm
713 4287 750 4322 ve·
813 4277 844 4322 31
862 4275 932 4322 Dru-o
938 4297 947 4330 ‚-
970 4275 1061 4322 erudeli
1092 4276 1155 4336 Ipsa
1165 4275 1238 4322 dua.

173 4341 245 4387 scitur
255 4341 370 4388 uenam.
814 4342 847 4386 33
864 4340 1068 4402 Hypermnestrem
1080 4341 1142 4387 dicit.

206 4408 235 4460 21
261 4405 330 4454 Vultu
340 4407 423 4462 r'acr'to,¹
436 4407 459 4454 1.
465 4423 486 4456 e.
497 4407 566 4456 Mulie
576 4406 661 4465 durat,
672 4413 698 4455 ut
708 4406 748 4455 ali-
811 4407 845 4451 85
862 4404 985 4465 &madida
996 4406 1103 4470 glpriose.
1122 4405 1230 4461 Mendax,
1242 4404 1294 4470 quie
1304 4405 1357 4468 patri

91 4489 93 4493 ’
173 4471 195 4517 bi
207 4468 325 4518 Horatius.
530 4525 532 4527 ¹
781 4470 919 4533 promiserat,
932 4487 956 4519 se
974 4487 1081 4534 sponsum
1093 4477 1223 4521 necaturum
1234 4484 1292 4520 esto.
