2964 5022
195 305 271 399 ns
549 332 592 408 o.
617 329 1018 398 nonnrrr-msccr

323 505 468 592 Impune,
486 505 580 584 Lolli,
596 528 726 592 carpere
741 504 851 570 lividas

326 615 521 684 Obliviones.
566 616 762 698 Estksnimus
776 613 835 680 tibi

239 737 279 796 35
370 728 555 815 Rerumque
568 725 719 812 prudens,
736 738 768 789 et
782 722 930 792 secundis

333 816 336 822 Ι
410 837 624 923 Temporibus
638 835 806 922 dubiisque
820 846 944 900 rectus:

324 948 454 1013 Vindex
467 969 571 1012 avarae
585 943 714 1022 fraudis,
730 955 762 1008 et
776 944 937 1014 abstinens

323 1059 480 1125 Ducentis
495 1058 536 1122 ad
550 1080 584 1122 se
598 1067 713 1121 cuncta
725 1056 889 1141 pecuni'ae;

350 1193 351 1197 ¹
368 1168 551 1256 Consulque
566 1187 631 1231 non
646 1166 738 1229 unius
752 1165 838 1242 anni,

238 1288 282 1346 40
412 1279 477 1345 Sed
491 1277 613 1366 quoties
627 1274 730 1341 bonus
744 1288 838 1362 atque
853 1274 938 1340 fidus

324 1390 431 1456 Judex
444 1389 612 1454 honestum
626 1385 767 1473 praetulit
781 1385 859 1464 utili,
873 1399 907 1450 et

326 1500 449 1586 Rejeeit
462 1499 526 1564 alto
540 1497 627 1562 dona
640 1499 823 1560 nocentium
861 1509 865 1516 '
938 1565 941 1573 Δ

370 1610 481 1689 Vultu,
496 1623 528 1674 et
541 1632 600 1695 per
613 1609 774 1692 obstantes
790 1619 933 1674 catervas·

411 1720 576 1806 Explicuit
589 1718 760 1790 sussictor
772 1739 870 1782 orma.
887 1728 893 1734 ’

240 1841 281 1899 45
327 1832 409 1898 Nou
421 1829 635 1916 possidentem
649 1827 749 1893 mults
764 1829 923 1894 vocaveris

327 1943 427 2008 Recte
441 1941 586 2016 beatum3
609 1939 725 2004 rectius
740 1952 874 2024 occupat

370 2052 497 2116 Nomen
511 2049 604 2129 besti,
621 2049 676 2136 qui
690 2049 837 2114 Deorum

414 2159 604 2225 Muneribus
620 2159 778 2245 sapienter.
792 2159 848 2237 uti,

327 2272 519 2358 Duramque
533 2270 625 2334 callet
638 2270 821 2354 pauperiem
836 2271 916 2355 pati3

244 2393 285 2448 50
330 2383 488 2469 Pejusque
502 2381 565 2445 leto
578 2379 733 2468 flagitium
747 2380 856 2456 timet3
882 2396 885 2404 '

372 2493 448 2557 Non
462 2492 515 2556 ille
529 2514 589 2578 pro
603 2491 683 2554 caris
698 2490 807 2554 amicis

414 2604 482 2668 Aut
495 2601 597 2688 patris
611 2599 739 2665 timidus
757 2600 870 2686 perire.

522 2816 553 2861 4⁰
570 2814 674 2875 quotiens
684 2816 762 2890 Betiti.
819 2816 848 2861 ll
867 2823 890 2862 et
900 2817 959 2864 abest
969 2833 985 2862 a
996 2819 1064 2865 Bast.

231 2987 264 3032 33
281 2985 382 3044 Impune
389 3006 399 3040 ‚-
412 2983 523 3046 significat
535 2985 652 3046 egregium
663 2985 724 3031 hunc
741 2985 776 3032 vi·
807 2993 829 3032 te
851 2995 991 3046 perpetuum
1011 2989 1126 3034 molem
1142 2987 1248 3050 socium.
1293 2989 1394 3052 Sapiens

198 3065 248 3096 rum
260 3049 362 3096 habuisse
378 3065 431 3096 suos
448 3050 623 3106 obtrectatorem
640 3050 710 3110 qualis
727 3058 776 3096 erut
808 3051 868 3098 enim
885 3053 954 3114 juxta
972 3053 1061 3099 Stoicos
1079 3059 1211 3114 perpetuum
1230 3053 1394 3115 magistratum

200 3113 301 3160 Velleius
314 3113 534 3168 Paterculushomo
553 3113 685 3175 Epicureus,
704 3115 776 3176 quiet
808 3116 876 3176 gerit.
918 3115 962 3172 Tu,
981 3116 1050 3171 Lolli,
1068 3133 1109 3179 pro
1132 3117 1240 3178 sapientia
1262 3127 1301 3165 tus
1326 3121 1394 3168 velut

198 3180 284 3226 stthdoli
290 3187 312 3226 et
322 3180 405 3226 vermi
414 3180 487 3225 animi
497 3186 519 3226 et
525 3180 631 3238 pecunie
642 3195 712 3242 quom
718 3188 776 3226 recte
808 3188 941 3242 perpetuum
953 3182 1095 3228 consulatum
1111 3183 1179 3244 geris,
1192 3183 1211 3227 si
1227 3197 1274 3228 non
1286 3184 1310 3230 in
1319 3185 1392 3241 cives,

190 3244 298 3309 faciendi
308 3243 523 3306 culniitbremfuissc
534 3243 616 3290 scribit.
809 3255 870 3292 certe
880 3247 903 3292 in
913 3262 993 3309 pravas
1005 3247 1142 3310 cupiditates,
1155 3255 1178 3293 et
1189 3249 1320 3296 occasiones
1336 3265 1394 3312 pec-

232 3310 264 3355 st
284 3308 403 3355 obliviones
419 3309 511 3355 licitas:
531 3324 582 3354 cum
599 3309 681 3356 invidis
692 3309 778 3356 soleant
810 3311 882 3358 candi.
1313 3309 1315 3312 ’

198 3374 301 3420 homines
318 3373 425 3435 impediri,
443 3373 578 3435 quominus
595 3373 778 3422 meritssluudes
843 3377 875 3422 ll
891 3377 1008 3438 Εψῐίαιὶι
1026 3392 1069 3424 sua
1083 3377 1253 3432 victurorum
1272 3377 1295 3424 h.
1312 3394 1333 3425 e.
1346 3394 1395 3439 per

199 3438 265 3486 bonis
276 3438 329 3485 viris
340 3437 445 3485 tribuant.
807 3441 891 3487 nwdios
905 3443 974 3489 hostes
984 3437 1053 3488 victu
1059 3443 1134 3488 evasit.

232 3505 264 3550 36
282 3505 373 3557 Rectus,
386 3503 505 3564 aequsbilis,
518 3511 625 3550 constans
633 3504 656 3549 in
668 3504 760 3550 virtute.
841 3507 872 3552 46
892 3507 993 3566 Occupat
999 3529 1008 3561 ,·
1026 3505 1187 3554 Sibitindicat.

231 3571 263 3615 87
286 3569 376 3622 Viudeu,
383 3569 480 3628 punitor
487 3591 496 3624 ,-
514 3570 632 3615 Vindicarc
641 3569 703 3616 enim
713 3571 777 3629 amad
841 3571 872 3617 ts
888 3571 992 3618 Munera
1017 3572 1112 3618 deorum
1135 3586 1177 3633 pro
1199 3578 1260 3618 sorte
1282 3572 1395 3620 divinitus

199 3640 338 3681 vernesnon
353 3633 585 3702 tamum›&Mne‚
602 3635 718 3681 sedetiam
728 3649 776 3694 pu·
808 3634 866 3682 dats.
899 3635 937 3682 Sic
956 3632 1013 3700 biga
1029 3633 1086 3683 Suis
1099 3635 1158 3698 apud
1170 3634 1275 3692 Graeoos.

202 3697 407 3760 nircsigmficnbat.
813 3753 816 3757 ,
842 3701 874 3747 4⁹
892 3701 967 3756 Callet
978 3701 1090 3762 ingeniose
1099 3700 1167 3750 novit.

192 3793 195 3799 -
233 3763 613 3824 sumusidquemnumusanm
628 3764 778 3812 Vertaestuae
