2964 5022
462 307 731 374 CARMINUM
754 307 829 372 Lm.
852 311 878 378 Ι.
904 319 952 380 19..

559 718 687 799 ODE
722 717 847 800 XIX.

567 933 617 980 AD
635 931 839 983 GLYCERAM.

245 1063 356 1111 Metmm
362 1065 440 1122 primo
455 1077 521 1111 verca
536 1064 691 1126 Glyconicum,
702 1065 770 1112 altero
783 1063 962 1111 amentiam
973 1061 1152 1122 Asclepiadem.

229 1220 366 1288 Manae
381 1247 466 1289 saeva
482 1224 687 1310 Cupidinum,

279 1333 508 1422 Thebanaeque
517 1335 609 1422 jubet
620 1357 670 1399 me
687 1333 825 1400 Semeles
839 1357 929 1421 puer,

234 1442 283 1506 Et
297 1443 413 1510 lasciva
428 1446 554 1511 licentia

284 1553 394 1620 Finitis
409 1556 550 1621 animum
565 1557 697 1622 redder'e
709 1556 883 1620 amoribus.

162 1673 184 1726 5
240 1664 314 1730 Urit
327 1688 379 1730 me
396 1669 544 1754 Glycerae
558 1668 649 1742 nitor,

280 1775 480 1861 Splendentis
497 1779 591 1843 Pario
605 1799 763 1842 marmore
776 1779 907 1864 purius:

241 1883 314 1949 Urit
326 1900 417 1975 grata
431 1889 628 1974 protervitas,

283 1996 325 2061 Et
338 1999 443 2063 vultus
458 2000 590 2063 nimium
604 1998 742 2063 lubricus
754 2000 860 2085 aspici.

242 2107 280 2169 In
295 2129 346 2172 me
361 2119 427 2173 tota
440 2132 536 2174 ruens
551 2110 663 2174 Venus

150 2225 193 2280 10
283 2217 427 2304 Cyprum
441 2220 600 2298 deseruit;
621 2243 681 2286 nec
694 2223 814 2308 patitur
830 2222 973 2309 Scythas,

237 2329 281 2393 Et
290 2331 388 2395 versis
400 2331 577 2405 animosum
592 2332 681 2419 equis

283 2441 437 2506 Parthum
451 2441 567 2520 dicere,
582 2464 641 2507 nec
655 2465 728 2529 quae
741 2443 820 2506 nihil
835 2444 976 2510 attinent.

151 2587 154 2592 ·
237 2551 308 2617 Hic
322 2553 428 2616 vivum
440 2551 520 2615 mihi
535 2553 695 2638 cespitem,
711 2553 764 2616 hic

281 2663 455 2740 Verbenas,
470 2661 572 2748 pueri,
587 2664 705 2748 ponite,
721 2677 854 2754 turaque

153 2783 191 2839 15
237 2772 323 2836 Bimi
337 2795 410 2837 cum
424 2784 533 2859 patera
550 2774 647 2838 meri:

281 2882 426 2948 Mactata
440 2885 543 2949 veniet
556 2885 657 2950 lenior
671 2886 785 2958 hostia,

109 3080 123 3125 ἓ
137 3077 223 3127 Jubent
233 3079 297 3125 codd.
304 3079 400 3140 quidam
406 3093 444 3138 ap.
451 3079 530 3125 Remi.
562 3080 609 3126 Pro
621 3077 717 3126 Semelae
727 3079 787 3138 vulg.
793 3079 854 3140 qaod
859 3079 952 3140 primm
961 3080 1042 3139 recepit
1050 3077 1185 3136 Lambinus,
1194 3095 1295 3142 poeecm

129 3144 237 3207 samam
248 3145 346 3190 Horatio
361 3143 507 3190 ωἰιαιαφηεω
516 3145 566 3190 edd.
576 3152 628 3191 vett.
638 3159 693 3190 cam
704 3145 781 3192 Beati.
794 3145 900 3194 revocavi.
923 3143 953 3192 Ζ.
1000 3148 1017 3192 8
1033 3143 1138 3194 Libentia
1147 3146 1302 3209 cattjfflmtl·

140 3211 169 3257 12
187 3209 267 3256 attinet
277 3209 477 3268 Bruti-imperem.
495 3207 526 3255 G.
560 3210 591 3254 'la
608 3209 674 3256 thura
683 3210 734 3258 edd.
744 3217 796 3258 vett.

751 3350 780 3394 10
799 3344 883 3412 Κύπρον
896 3345 986 3412 ἱμερτὰν
996 3346 1095 3396 λιποῦσα
1112 3346 1153 3394 zai
1164 3347 1244 3410 Πέφον
1254 3365 1295 3396 τι·

312 3411 387 3459 ODE
405 3411 478 3460 XIX.
714 3411 820 3478 ςιρῥύταν.
852 3411 958 3459 Alcman.

755 3481 784 3526 12
802 3475 830 3525 Τι’
848 3473 870 3524 δί
888 3495 927 3538 μοι
946 3474 1021 3536 atyn·
1042 3473 1148 3526 τοσούτω
1170 3476 1215 3524 Tin
1230 3473 1297 3540 psit·

141 3547 153 3590 1
171 3545 245 3600 cava,
253 3541 336 3590 Venus
353 3558 405 3605 quae
422 3543 528 3590 miserum
548 3542 571 3587 in
592 3541 686 3590 modum
720 3539 870 3604 ὦφιλοόντωνς
890 3541 1019 3588 Anacreon.

112 3609 164 3656 solet
174 3624 256 3656 vexare
266 3615 377 3656 amantes.
400 3607 429 3655 cf.
440 3607 498 3656 infra
509 3607 555 3654 IV.
568 3609 589 3664 l,
600 3611 624 3654 5.
755 3610 784 3654 13
801 3607 857 3654 Mos
868 3613 917 3654 erat
927 3622 984 3662 aras,
999 3607 1126 3668 presertim
1143 3607 1248 3670 privatas,
1266 3621 1296 3655 ex

138 3674 279 3729 etima,
294 3673 385 3722 Otium.
418 3673 522 3729 Lasciva,
541 3672 570 3719 ad
586 3687 685 3719 amorem
718 3672 825 3720 viridibus
836 3672 956 3734 cespitibus
967 3671 1062 3734 erigere.

112 3739 228 3800 impellens.
753 3739 783 3783 14
806 3737 915 3791 Verbenoe,
932 3751 1011 3782 omnes
1027 3737 1102 3784 herbae
1118 3738 1155 3784 vel
1170 3736 1262 3784 frondes
1284 3752 1298 3784 e

139 3807 153 3850 7
169 3803 317 3860 Protnvt'tas5
334 3801 448 3863 superbia,
456 3801 598 3867 fastidium
615 3817 629 3850 a
644 3817 685 3867 pro
718 3801 788 3850 sactis
798 3801 854 3848 locis
864 3802 948 3866 petitae,
960 3817 1012 3867 quae
1022 3802 1180 3852 consecrandis
1190 3802 1297 3850 altaribus

113 3876 220 3917 ettcrvus.
719 3866 787 3914 utiles
796 3867 943 3916 habebantur.
1293 3905 1295 3912 ,

139 3937 153 3980 8
168 3936 266 3983 Labica
281 3935 327 3992 via,
341 3929 366 3980 in
378 3947 423 3994 qua
433 3929 498 3980 facile
509 3940 544 3982 est
554 3931 604 3980 labi.
754 3935 784 3982 16
806 3933 886 3980 Veneri
895 3932 977 3979 scilt'cet
992 3939 1093 3980 mactata
1108 3933 1180 3982 hesic
1199 3931 1297 3994 Glycera

718 3997 790 4044 lenior
800 3998 880 4048 venae.
901 3997 977 4045 Veniet
988 4013 1030 4061 pro
1031 3998 1086 4062 fiet,
