2954 5022
412 277 763 394 rarrsronmum¹
780 321 856 386 aa.
878 320 906 386 r
931 327 980 389 ιτ.
1212 316 1276 382 au.

226 487 298 553 Non
313 489 412 556 cuivis
427 491 549 557 homini
563 491 718 580 contingit
731 492 820 558 adire
835 491 1037 560 Corinthum.

226 599 311 664 Sedit
325 601 381 688 qui
396 601 501 667 timuit
513 625 554 668 ne
568 625 633 668 non
649 603 848 671 succederet:
871 617 957 668 esto:

225 708 334 783 Quid?
356 717 411 799 qui
424 713 578 798 pervenit,
594 680 708 778 fociae
722 711 876 778 vanari
898 711 999 799 Atqui

223 815 291 884 Hic
305 833 363 900 est,
380 835 435 887 aut
447 845 613 912 nusquam,
629 822 715 909 quod
730 822 919 909 quoerimus:
942 815 997 886 hic'
1009 843 1089 886 onus
1104 819 1223 899 horret,

151 936 186 993 40
225 928 271 994 Ut
284 933 390 1016 parvis
405 932 517 996 animis
531 944 563 998 et
577 955 676 1019 parvo
689 955 824 1018 corpore
837 933 938 1019 majus
946 956 956 1010 ;

225 1039 289 1104 Hic
304 1042 399 1121 subit,
415 1055 447 1108 et
460 1042 587 1128 perfert.
631 1043 700 1110 Aut
714 1044 811 1107 virtus
825 1064 942 1108 nornen
956 1043 1050 1106 inane
1064 1053 1121 1120 est,

224 1151 290 1215 Aut
304 1152 401 1216 decus
416 1167 448 1217 et
461 1153 599 1239 pretium
612 1129 696 1216 rectd
711 1153 790 1238 petit
803 1152 968 1239 experiens
983 1152 1040 1215 vir.

225 1258 342 1326 Coram
357 1285 432 1350 rege
446 1249 504 1328 sua*
516 1262 557 1328 de
571 1274 757 1348 paupertate
770 1273 909 1328 tacentes

227 1369 303 1436 Plus
318 1386 468 1457 poscente
483 1375 592 1439 ferent.
637 1373 741 1450 distat,
757 1348 904 1436 sumasne
918 1369 1085 1456 pudenter,

148 1487 185 1544 45
225 1481 277 1544 An
291 1483 406 1568 rapias.
449 1485 537 1572 atqui
549 1505 656 1548 rerum
670 1494 766 1568 capnt
779 1481 841 1546 hoc
855 1493 932 1559 erat,
948 1480 1000 1545 hic
1015 1481 1096 1544 fons.

228 1599 249 1633 “
263 1593 412 1659 Indotata
425 1594 503 1657 mihi
518 1616 607 1659 soror
621 1606 679 1671 est,
700 1591 894 1679 paupercula
908 1603 1019 1670 mater,

228 1709 249 1744 “
263 1701 306 1768 Et
320 1703 437 1770 fundus
452 1727 511 1770 nec
525 1703 690 1770 vendibilis
704 1725 763 1769 nec
778 1726 907 1789 pascere
922 1702 1064 1780 firmus‚'’

223 1813 289 1889 Qui
302 1813 389 1894 dicit,
405 1814 528 1893 clamat,
553 1821 575 1855 ‘⁶
590 1813 718 1882 Victum
733 1813 835 1879 date.''
881 1811 1021 1879 Succinit
1035 1811 1124 1892 alter,

228 1933 249 1968 “
264 1925 308 1991 Et
320 1925 400 1990 mihi
413 1924 543 1989 dividuo
556 1923 696 1990 findetur
709 1945 840 1988 munere
854 1923 1005 2011 quadra.''

143 2045 186 2101 50
226 2037 289 2102 Sed
302 2037 415 2102 tacitus
429 2036 517 2121 pasci
531 2035 558 2100 si
571 2047 679 2121 posset
693 2057 816 2112 corvus,
832 2034 964 2100 haberet

229 2146 306 2212 Plus
321 2146 422 2232 dapis,
438 2157 471 2211 et
483 2145 563 2210 rixae
577 2133 678 2210 multd
691 2145 796 2209 minus
811 2144 1011 2232 invidiaeque.
1112 2203 1116 2208 .

227 2257 433 2323 Brundisium
449 2277 554 2320 comes
569 2266 623 2320 aut
639 2256 828 2321 Surrentum
842 2253 954 2320 ductus
969 2279 1140 2338 amoenum,

224 2369 289 2445 Qui
305 2368 447 2456 queritur
461 2366 598 2431 salebras
613 2378 646 2430 et
658 2365 808 2431 acerbum
821 2364 920 2452 frigus
935 2379 968 2432 ct
981 2367 1107 2449 imbres,

222 2479 290 2544 Aut
303 2479 413 2542 cistam
427 2477 588 2543 effractam
602 2488 658 2542 aut
671 2474 827 2548 subducta
840 2474 952 2542 viatica
966 2477 1087 2563 plorat3

141 2597 180 2656 55
222 2589 307 2658 Nota
321 2587 417 2653 refert
429 2587 602 2653 meretricis
617 2587 772 2665 acumina,
789 2609 873 2672 saepe
888 2588 1042 2669 catellam,

221 2700 312 2784 Saepe
325 2697 544 2785 periscelidem
559 2710 681 2783 raptam
696 2697 755 2762 sibi
770 2697 890 2774 flentis;
912 2698 959 2762 uti
973 2721 1050 2764 mox

218 2809 317 2875 Nulla
330 2809 410 2874 fides
425 2809 548 2873 damnis
563 2808 706 2895 verisque
721 2806 884 2874 doloribus
898 2807 990 2874 adsit.

219 2921 290 2986 Nec
304 2920 401 2985 semel
415 2918 524 2984 irrisus
539 2918 638 2983 triviis
652 2917 795 2984 attollere
808 2931 899 3006 curat

226 3033 342 3097 Fracto
357 3052 450 3094 crura
464 3029 615 3115 planum3
637 3027 712 3094 licet
725 3027 771 3092 illi
785 3029 920 3114 plurima
934 3048 1041 3100 manet

425 3229 457 3275 48
473 3242 515 3275 suo
525 3227 586 3288 vulg.
681 3229 715 3274 84
729 3226 807 3275 ferunt
817 3227 875 3291 conj·
891 3231 951 3278 Oua.

129 3372 159 3419 36
174 3371 233 3418 Non
244 3369 327 3424 cuium
342 3368 451 3416 &aaran
460 3366 609 3430 Prmubium
623 3365 669 3414 aa·
738 3368 864 3429 Experiere
879 3371 929 3426 olm·
947 3370 987 3433 qui
1004 3373 1089 3421 scilicet
1105 3377 1173 3425 audet
1188 3380 1285 3442 experiri

101 3433 129 3480 Oi
149 3434 229 3487 carris
250 3429 321 3499 &algle
340 3431 369 3484 cic
387 3431 487 3497 Kigrrdsr
503 3429 543 3478 lc!
566 3431 576 3476 i
595 3430 672 3482 πλοῦς.
705 3433 757 3493 quid
768 3434 847 3495 possit.

102 3497 143 3546 Hic
165 3501 299 3548 Corinthum
315 3499 379 3544 adire
394 3506 430 3544 est
445 3511 554 3559 magnum
567 3495 672 3558 quiddam
737 3499 769 3544 43
787 3500 856 3558 Rege,
872 3499 952 3562 majori
962 3501 1043 3550 amico.

102 3563 182 3613 efficere
192 3563 231 3611 vel
241 3563 356 3624 consequi.
737 3563 769 3609 47
785 3564 888 3620 mmm,
903 3566 957 3612 satis
968 3574 1052 3616 certus.

128 3632 158 3678 37
173 3631 241 3684 Sedit,
254 3628 315 3676 domi
326 3627 416 3674 mansit.
737 3629 769 3672 55
787 3627 913 3685 Acumina,
929 3633 1042 3679 natenius:
1060 3635 1096 3682 lu'c
1108 3636 1170 3684 aaa
1180 3637 1209 3683 de
1223 3638 1286 3686 Tm.

128 3695 197 3749 Eam·
218 3695 248 3740 ait
259 3701 285 3740 ut
294 3694 354 3747 hbet,
372 3693 400 3740 de
410 3692 454 3738 hoc
465 3691 521 3736 nihil
531 3690 662 3754 pronuntio.
705 3692 794 3738 mento
812 3700 851 3747 ert,
869 3695 949 3742 Paua
968 3697 1060 3744 Fabula
1081 3696 1116 3761 [l.
1139 3698 1228 3764 1,32.]
1246 3704 1287 3750 abi

127 3761 156 3805 33
168 3759 282 3814 Per-amu,
311 3757 389 3820 supple
418 3755 559 3803 Corinthum.
611 3755 673 3809 Quid
704 3757 830 3803 adolescens
841 3758 909 3814 dicit,¹
927 3760 977 3806 Aut
989 3777 1077 3810 aarum
1088 3766 1165 3824 periit,
1179 3773 1221 3812 am
1231 3782 1287 3814 con.

101 3821 180 3871 videtur
199 3824 240 3870 tibi
265 3821 399 3882 decoqui
421 3820 531 3882 superatis
554 3819 673 3866 difficulta-
704 3821 771 3866 saara
783 3822 922 3881 pallulam,
938 3829 1113 3874 automnariala
1128 3831 1226 3886 Graeca5
1243 3832 1287 3877 ati.

100 3885 151 3934 tibus
164 3905 193 3936 eo
209 3887 318 3950 pervenit,
333 3902 378 3949 quo
394 3885 484 3932 voluit?
501 3900 556 3931 num
572 3892 634 3932 recte
650 3891 673 3932 et
704 3886 760 3946 quid
770 3900 857 3945 semper
866 3895 898 3934 est
908 3890 970 3950 quod
975 3900 1062 3950 pereat,
1073 3893 1194 3956 debeatque
1203 3910 1287 3944 amam

100 3948 178 4000 fortiter
188 3953 261 4000 lecit?
271 3951 325 4001 Jam
332 3966 387 3998 vero
398 3951 421 3997 in
433 3952 476 3997 hoc
485 3950 557 4012 posita
565 3957 601 3996 eat
609 3965 672 4011 quae-
703 3958 774 3996 scorto
784 3965 832 3996 rao.

101 4015 143 4072 ctio,
154 4018 262 4066 deceatne
272 4017 393 4064 amicitiem
404 4015 529 4078 potentium
541 4015 628 4062 sectari.
737 4015 853 4070 Catellma
865 4023 970 4064 catenam
976 4034 1084 4078 parrana

127 4085 154 4128 38
171 4083 227 4138 Hic,
248 4083 271 4128 h.
288 4098 309 4128 e.
328 4082 389 4135 alter,
407 4081 446 4141 qui
465 4079 496 4126 ita
516 4079 607 4127 timidus
632 4085 672 4126 aut
735 4081 767 4126 56
785 4081 948 4137 Pmmcelidem,
969 4083 1066 4132 tibialia:
1092 4086 1216 4136 delicatulae
1238 4088 1286 4137 fus·

100 4143 186 4206 ignavus
201 4156 243 4203 est,
260 4152 286 4194 ut
304 4146 336 4194 rei
352 4145 517 4192 difficultatibus
529 4159 554 4192 ae
565 4144 670 4191 deterreri
703 4143 767 4190 ciclis
778 4144 925 4192 involvebant
935 4147 976 4193 sibi
988 4163 1054 4200 crura
1064 4158 1088 4197 et
1097 4149 1191 4198 femora.
1282 4174 1285 4178 ·

102 4209 157 4260 sinat.
734 4211 766 4254 58
783 4211 885 4266 Imbua-
903 4211 990 4268 illusus,
1007 4213 1085 4261 falsus.
1260 4253 1286 4261 „.

127 4276 154 4322 la
170 4279 257 4332 Recte5
276 4290 318 4322 suo
333 4274 423 4324 merito.
453 4274 540 4328 Deera,
555 4273 666 4320 honores:
734 4273 848 4329 Aeonem,
870 4275 894 4321 in
914 4275 1013 4333 rhedam,
1032 4279 1070 4326 vel
1086 4280 1234 4342 vehiculum
1257 4285 1286 4332 de

99 4341 194 4400 mar,
205 4341 333 4390 mercedem
345 4356 363 4388 s.
379 4338 498 4402 praemium
514 4353 563 4386 aua
579 4335 669 4386 sortitu·
701 4337 739 4391 via
750 4338 842 4385 scilicet.

102 4401 155 4454 diris.
733 4405 766 4448 59
783 4403 893 4459 Phaone,
906 4408 1038 4455 mamaeam
1048 4424 1160 4458 amnem.
1245 4415 1248 4424 ’
