2954 5022
450 269 517 337 DE
542 267 672 338 ARTE
696 267 914 338 POETICA.
1217 267 1279 326 383

224 445 357 510 Desinet
370 429 402 509 in
417 446 535 531 piscem
550 445 663 511 mulier
677 445 815 510 formosa
828 417 974 528 superne,

129 561 151 616 5
227 554 551 638 Spectatum-admissi
565 556 665 621 risum
680 555 822 635 teneatis,
837 551 953 618 amici?

226 663 363 743 Credite,
382 665 525 745 Pisones,
542 667 592 734 isti
607 665 722 732 tabule
737 665 804 730 fore
818 664 935 729 librum

225 774 431 856 Persimilem,
447 779 546 862 cujus,
561 778 646 842 velut
659 777 739 864 aegri
753 776 885 852 somnia,
901 795 990 838 vanae

226 883 400 972 Fingentur
414 889 556 975 species3
578 900 614 953 ut
627 910 687 953 nec
700 910 767 973 pes,
783 909 842 952 nec
856 896 953 970 ceput
966 882 1022 946 uni

13 999 152 1080 appel
224 994 390 1060 Reddatur
403 997 524 1065 formae.
545 989 591 1074 “ii
608 997 786 1063 Pictoribus
801 1007 895 1084 atque
909 993 1010 1081 poitis

16 1069 178 1168 &amalo
201 1089 391 1180 “Quidlibet
404 1108 541 1174 audendi
556 1130 681 1194 semper
695 1102 755 1172 fuit
768 1129 861 1194 aequa
874 1117 1024 1193 potestas.
1034 1091 1050 1120 ''

222 1217 244 1290 i
262 1215 397 1297 Scimus,
412 1232 445 1285 et
458 1220 541 1284 hanc
555 1218 679 1283 veniam
692 1218 891 1304 petimusque
906 1215 1081 1302 demusque
1090 1213 1247 1310 ¹vicissim:

226 1325 288 1390 Sed
303 1348 368 1392 non
384 1341 419 1394 ut
432 1329 563 1416 placidis
578 1333 691 1396 coeant
704 1326 836 1393 immtia
844 1349 853 1404 3
877 1347 942 1390 uon
958 1337 992 1390 ut

226 1439 394 1531 Serpentes
408 1439 518 1506 avibus
532 1439 743 1528 geminentur,
759 1437 893 1525 tigribus
908 1437 991 1524 ugni.

227 1547 367 1636 inceptis
379 1551 528 1638 gravibus
542 1552 728 1639 plerumque
743 1560 775 1614 et
789 1571 904 1637 magne
917 1547 1076 1634 professis,

136 1667 178 1724 15
227 1659 421 1746 Purpureus,
435 1647 499 1726 lete
513 1661 568 1748 qui
581 1661 756 1747 splendeat,
772 1683 854 1725 unus
869 1670 902 1726 et
914 1658 995 1724 ulter

225 1770 374 1856 Assuitur
387 1793 530 1856 pannus3
553 1745 626 1836 crim
644 1770 733 1835 lucus
749 1782 782 1836 et
795 1792 851 1835 ara
865 1769 994 1850 Dianoe,
1063 1785 1065 1790 “

227 1881 269 1945 Et
283 1882 482 1968 properantis
498 1903 589 1968 aquae
603 1903 661 1966 per
675 1902 817 1945 amoeuos
831 1879 968 1946 ambitus
983 1897 1090 1968 agros,

225 1994 292 2057 Aut
304 1991 423 2057 fiumen
440 1991 590 2057 Rhenum
604 2005 659 2054 eut
672 1990 798 2076 pluvius
813 1990 1003 2056 describitur
1017 2015 1128 2058 arcus:
1224 2023 1237 2062 3

225 2102 288 2166 Sed
303 2124 389 2167 nunc
402 2124 468 2166 non
482 2113 550 2166 erat
564 2100 613 2164 his
627 2099 735 2165 iocus:
758 2111 790 2165 et
803 2100 935 2168 sortasse
949 2115 1149 2194 cupressum.¹

135 2218 181 2277 20
227 2211 294 2276 Scis
310 2211 477 2276 simulare:
501 2211 664 2304 quidhoc,
680 2211 707 2275 si
719 2210 826 2276 fractis
841 2223 948 2278 enatat
961 2235 1073 2300 exspes

212 2322 377 2418 „NEQ
393 2345 458 2386 aere
471 2321 547 2386 date
562 2324 616 2409 qui
631 2320 797 2409 pingitur?
809 2321 1089 2412 ἕψῃ-Ἦρξε
1111 2391 1115 2396 ,

223 2433 351 2500 Institui
359 2457 368 2510 3
390 2444 536 2498 currente
550 2416 621 2498 retii
631 2455 688 2497 cur
700 2455 813 2498 urceus
828 2433 917 2497 exit?

217 2509 359 2528 Μ

224 2544 374 2631 Denique
388 2543 428 2607 sit
442 2541 528 2630 quod
543 2543 600 2622 vis,
616 2543 751 2628 simplex
765 2542 920 2608 duntaxat
933 2555 965 2608 et
981 2565 1089 2608 unum.

227 2655 375 2742 Marcima
387 2637 460 2738 pars
476 2664 596 2732 vetum,
607 2665 696 2739 pater
710 2665 743 2718 et
751 2657 884 2739 juvenes
898 2666 988 2738 putre
1001 2654 1101 2742 digni,
1120 2669 1125 2678 '
1143 2667 1153 2728 ζ

138 2777 180 2834 25
223 2767 412 2852 Decipimur
426 2765 530 2851 specie
545 2765 639 2846 recti:
663 2764 766 2838 brevis
781 2786 850 2829 esse
863 2763 985 2844 laboro,
1064 2803 1067 2811 -
1093 2801 1097 2808 ·

101 2924 115 2969 4
132 2924 217 2988 pistrim
229 2923 288 2986 cmtj.
303 2923 400 2971 Gronov.
413 2921 463 2978 Obr.
477 2924 497 2968 1.
511 2925 548 2967 18.
686 2924 702 2966 8
715 2917 845 2982 Finguntur
860 2921 918 2967 Gott.
930 2919 994 2968 Med.
1007 2923 1079 2982 14⁷7,
1087 2925 1217 2987 junguntur
1232 2927 1287 2980 Mt.

131 2991 227 3039 Hetmst.
293 2991 309 3035 9
321 2987 454 3034 Redduntur
466 2987 520 3032 Zur.
532 2983 585 3032 MS.
597 2985 696 3032 Helmst.
771 2988 799 3031 18
816 2983 891 3030 Rheni
903 2987 954 3031 Sar.
1035 2991 1068 3034 20
1085 3004 1165 3052 expers
1177 2993 1205 3038 Ζ.
1215 2992 1288 3054 expes'

133 3055 192 3168 gin,
206 3052 380 3170 saffeaequhipp}
389 3051 466 3108 Βοιαὶ.
475 3058 497 3097 et
509 3052 570 3098 Onu.
580 3064 606 3096 ee
617 3049 734 3143 mih
745 3049 805 3111 quod
816 3049 870 3096 Mt.
881 3050 979 3098 Helnut.
991 3125 995 3134 Ι
1070 3107 1075 3114 ,
1089 3057 1120 3102 26
1136 3055 1195 3132 lenia
1205 3058 1284 3106 Bentl.

131 3234 266 3288 cratete
279 3231 357 3294 supple
363 3231 439 3291 pictoe.
707 3241 791 3287 noster,
804 3230 940 3278 Metaurum
942 3233 1046 3294 stunten,
1060 3240 1083 3280 et
1094 3237 1286 3298 Ror'nulamgen-

131 3301 146 3345 7
167 3301 253 3352 Vum5
272 3297 359 3353 obosae,
371 3295 461 3342 inutiles
472 3301 495 3342 et
506 3294 648 3342 chimaericae.
706 3303 760 3343 tem.
984 3295 987 3302 '

131 3363 264 3422 sibenen
281 3361 398 3424 imagines.
675 3397 678 3406 ,
743 3362 772 3406 19
791 3358 879 3406 Notum
899 3368 934 3408 est
950 3361 1078 3426 naufragos,
1095 3363 1123 3410 ud
1141 3380 1286 3414 commoven-

132 3429 146 3473 9
164 3427 239 3474 Reddi
250 3426 313 3473 elteri
324 3425 411 3479 dicitur,
423 3424 483 3486 quod
494 3424 514 3471 ei
526 3424 624 3480 debetur,
638 3426 675 3471 vel
707 3423 758 3470 dem
774 3425 850 3486 populi
864 3425 1044 3483 misericordium,
1061 3427 1208 3477 infortunium
1220 3447 1286 3479 suum

103 3506 230 3554 quacunque
243 3491 330 3538 ratione
341 3489 455 3537 convenit.
709 3489 789 3536 tabella
800 3490 912 3551 depictum
923 3491 1022 3538 humeris
1033 3492 1227 3556 circumgestisse.

133 3559 159 3603 11
178 3558 327 3618 Petimmquc
351 3556 496 3617 damurpw
523 3554 624 3615 petimus
651 3561 677 3601 ut
741 3555 773 3600 20
790 3555 881 3616 Erum,
893 3556 920 3601 ub
931 3555 993 3602 omni
1008 3571 1048 3618 spe
1064 3556 1192 3607 destitutus.
1206 3589 1209 3596 »
1226 3561 1288 3614 Quid

105 3620 190 3680 Pota,
208 3623 330 3670 mmmm
341 3619 426 3668 critici.
708 3618 755 3672 boc,
773 3618 826 3679 quid
841 3620 933 3680 prodest
950 3619 1058 3684 naufrago
1075 3619 1157 3670 mineio
1168 3637 1291 3686 cupressus

134 3688 161 3733 12
179 3687 282 3733 Cedant:
300 3684 459 3732 misceantsue
469 3699 564 3745 corpore
574 3684 633 3730 inter
644 3698 677 3730 se.
708 3682 785 3744 pic'tt?
1113 3715 1117 3722 .

134 3753 163 3797 14
182 3751 310 3810 Grudbuu
327 3749 436 3811 dignitate
445 3749 525 3812 plenis.
740 3748 770 3793 21
789 3746 913 3809 Amphora,
922 3750 1285 3814 vasemplumetqurdrileterum,

133 3813 506 3876 Plerumquefsetisfrequenter.
708 3811 807 3875 oblongo
816 3813 882 3860 collo.
1224 3865 1225 3869 ,

132 3879 252 3944 Prrffesu'm
270 3895 318 3941 prae
329 3878 494 3926 referentibus.
739 3879 771 3923 22
789 3878 882 3933 Urceus,
894 3879 1158 3944 lagenevesengustum
1170 3889 1193 3929 et
1201 3885 1286 3930 ventri-

133 3948 161 3994 16
176 3944 264 3992 Ariciae
275 3951 323 3991 erat
342 3943 498 3992 celeberrimus
509 3942 593 3990 Ditnae
610 3942 675 3990 lucus
707 3955 796 3997 cusum,
804 3943 853 3990 cedi
863 3942 911 3990 fere
921 3944 1001 3991 formu.

105 4023 149 4056 cum
160 4010 248 4072 ingenti
259 4009 317 4056 lecu.
552 4053 555 4058 ,
740 4007 795 4054 Eut
801 4023 811 4064 ;
829 4023 869 4054 cur
885 4008 966 4055 desinit
982 4009 1005 4055 in
1026 4010 1136 4057 urceum?
1153 4012 1175 4058 b.
1186 4025 1207 4058 e.
1223 4011 1287 4059 insti.

133 4077 161 4122 rt
179 4076 213 4122 Et
225 4075 369 4136 properantis
379 4088 462 4135 aqum
478 4072 553 4119 sontes
564 4073 674 4134 designat,
707 4072 886 4120 tuitur'car'men
898 4073 1000 4132 sublime,
1016 4083 1039 4122 et
1055 4075 1145 4124 tandem
1162 4075 1187 4122 fit
1203 4077 1288 4126 humile

105 4139 137 4200 qui
146 4139 247 4201 plurimis
258 4138 336 4186 n'uulis
346 4153 386 4202 per
396 4145 460 4200 prete
476 4138 499 4184 in
511 4137 630 4184 Aricinum
641 4138 675 4186 lt·
707 4144 731 4186 et
740 4138 850 4200 ineptum.

105 4217 150 4249 cum
161 4205 290 4251 decurrunt.
739 4206 771 4250 23
789 4203 886 4264 Sinmboe
900 4211 922 4250 et
937 4219 1030 4262 unum,
1048 4207 1180 4255 continuum
1198 4215 1221 4257 et
1236 4208 1288 4256 uni-

132 4271 159 4316 18
175 4269 227 4317 Aut
233 4270 332 4332 sturm
343 4268 469 4323 ntorum,-
488 4266 568 4316 Po'e'tte
579 4283 675 4315 consue·
707 4267 787 4319 forme.

103 4341 176 4381 ruunt
185 4333 331 4381 Substantiuu
341 4333 408 4380 etiem
420 4332 531 4380 declinere
541 4333 569 4381 ed
579 4331 675 4380 formam
740 4335 772 4379 tt
789 4334 870 4393 Specie,
882 4333 960 4398 supple
960 4334 1034 4398 saltu.

104 4396 275 4460 Adjeetivorum.
316 4398 354 4444 Sic
376 4397 473 4445 Ovidius
498 4398 574 4460 potuit
600 4399 675 4458 Caput
735 4398 845 4454 'Latm-
860 4399 884 4446 b.
893 4415 914 4446 e.
924 4399 1010 4448 luberet
1020 4400 1077 4462 qrris.

103 4463 236 4523 Augwtum,
254 4471 278 4516 ct
292 4464 414 4518 Quirinum
422 4471 429 4492 ‘·
435 4464 536 4522 Urbem,
553 4470 619 4526 etque
639 4463 675 4510 bic
