2954 5022
397 322 743 402 EPISTOL'ARUM
766 333 842 400 Lm.
861 333 891 399 1.
914 344 945 399 6.

196 507 334 573 Scilicet
347 528 481 574 uxorem
496 527 569 571 cum
583 505 668 584 dote,
683 497 901 592 fidemque,et
915 503 1044 580 amicos,

195 616 247 682 Et
261 640 373 704 genus,
389 629 421 681 et
433 616 577 694 formam,
593 615 704 702 regina
719 615 853 700 pecunia
867 614 985 679 donat:

196 727 255 790 Ac
268 709 350 792 bend
363 713 560 793 nummatum
574 725 704 791 decorat
719 724 856 790 Suadela
866 724 1048 810 Venusque.

198 835 375 922 Mancipiis
390 836 543 922 locuples,
558 850 631 924 eget
643 837 716 900 aeris
733 835 961 921 Cappadocum
975 855 1054 899 rex:

111 954 157 1011 to
202 945 258 1011 Ne
273 946 370 1011 fueris
384 946 436 1010 hic
450 958 495 1012 tu.
541 946 732 1034 Chlamydes
748 945 912 1023 Lucullus,
927 955 963 1009 ut
977 944 1075 1021 aiunt,

202 1056 239 1122 Si
252 1069 360 1141 posset
373 1069 499 1122 centum
515 1079 618 1122 scenae
632 1058 775 1143 praebere
789 1067 928 1143 rogatus,

160 1139 192 1252 ,κ
202 1165 270 1242 Qut
284 1188 415 1252 possum
430 1178 478 1231 tot
487 1150 566 1231 ?'²ait
577 1151 714 1231 :“tamen
729 1178 763 1231 et
775 1187 926 1253 quaeram,
949 1177 982 1230 et
995 1178 1073 1253 quot
1086 1164 1211 1231 habebo

173 1253 190 1292 “
202 1260 352 1340 Mittam’i
374 1287 447 1361 post
459 1259 555 1361 pauld
569 1277 686 1356 scribit,
703 1275 762 1341 sibi
776 1275 874 1340 millia
888 1274 1026 1362 quinque

202 1385 281 1450 Esse
296 1385 384 1450 domi
398 1386 620 1473 chlamydum3
642 1399 779 1473 partem,
800 1386 849 1451 vel
865 1385 990 1451 tolleret
1003 1407 1123 1452 omnes.

116 1502 156 1559 45
201 1495 301 1560 Exilis
316 1496 430 1561 domus
444 1511 501 1575 est,
517 1496 573 1560 ubi
587 1518 653 1560 non
668 1508 700 1560 et
713 1494 813 1560 multa
826 1508 1004 1580 supersunt,

201 1605 243 1670 Et
256 1605 421 1670 dominum
436 1606 556 1684 fallunt,
573 1619 606 1671 et
619 1618 753 1691 prosunt
767 1603 898 1668 furibus.
943 1590 1032 1691 Ergd

203 1715 301 1780 Sires
317 1716 385 1780 sola
399 1727 503 1802 potest
516 1714 619 1780 facere
633 1727 666 1779 et
679 1735 804 1780 servare
818 1711 955 1792 beatum,

201 1825 277 1890 Hoc
291 1826 413 1911 primus
428 1837 554 1911 repetas
570 1847 664 1910 opus,
678 1823 740 1888 hoc
754 1835 933 1909 postremus
948 1824 1082 1888 omittas.

201 1937 234 2002 Si
249 1936 444 2001 fortunatum
459 1934 579 2020 species
594 1946 626 1998 et
640 1934 741 2020 gratia
753 1946 892 2019 praestat,

119 2053 158 2110 50
199 2045 384 2111 Meroemur
397 2066 533 2122 servum,
550 2047 604 2130 qui
618 2043 714 2107 dictet
728 2044 866 2123 nomine,
889 2045 1003 2111 loevum

198 2155 263 2232 Qui
278 2154 395 2220 fodicet
407 2153 500 2231 latus,
509 2163 549 2224 ¹et
562 2164 657 2238 cogat
669 2166 757 2216 trans
772 2152 914 2238 pondera
929 2153 1073 2221 dextram

198 2264 367 2351 Porrigere
382 2237 480 2328 :“Hic
494 2260 629 2326 multum
643 2261 677 2325 in
694 2262 721 2327 F
721 2251 792 2327 abit
807 2263 900 2340 valet,
918 2265 971 2330 ille
986 2253 1117 2344 Velinl;

180 2349 259 2440 “cui
273 2373 352 2440 libet
364 2363 391 2438 is
404 2373 503 2438 fasces
518 2372 616 2450 dabit,
633 2372 806 2460 eripietque
821 2374 930 2439 curule

123 2544 126 2549 .
182 2463 261 2550 “cui
275 2483 361 2550 volet
374 2485 572 2569 importunus
587 2466 685 2546 ebur'i
699 2465 963 2564 “Frater3'“Pater’,'
985 2487 1084 2564 adde3

32 2601 35 2614 '
121 2603 157 2661 st
199 2594 246 2660 Ut
258 2594 374 2681 cuique
389 2605 436 2658 est
448 2605 536 2671 retas,
559 2593 604 2657 ita
617 2615 774 2680 quemque
787 2594 907 2659 facetus
922 2595 1047 2682 adopta.

199 2705 243 2785 si,
264 2683 347 2768 bend
362 2703 416 2789 qui
431 2714 545 2780 ooenat,
560 2687 641 2768 bene
655 2703 749 2781 vivit3
772 2704 866 2782 lucet,
881 2727 989 2770 eamus

194 2815 272 2892 Quo
286 2813 375 2878 ducit
388 2811 482 2900 gula:
505 2814 673 2896 piscemur,
689 2835 859 2891 venemur3
882 2829 917 2879 ut
931 2815 1008 2880 olim

196 2923 369 3011 Gargilius,
384 2922 438 3009 qui
452 2910 547 2987 mane
559 2920 678 3008 plagas,
694 2922 860 3002 venabula,
883 2945 989 2989 servos

88 3125 115 3173 ts
128 3127 179 3188 qnod
192 3129 276 3176 habebo
287 3127 357 3175 MSS.
372 3127 458 3174 Laod.
476 3127 547 3174 Faba.
560 3128 629 3173 1⁵⁵5.
641 3124 714 3173 Gesn.
747 3128 831 3187 Recepi
840 3127 956 3174 lectionem
970 3128 1034 3176 Gur.
1045 3129 1130 3178 Lami.
1140 3133 1219 3181 Bentl.
1231 3143 1254 3182 et

114 3193 138 3238 al.
155 3192 178 3240 Z.
255 3194 287 3239 47
303 3191 363 3255 potis
373 3192 422 3239 coll.
438 3193 490 3238 Sca.
504 3192 564 3238 dian.
644 3193 675 3237 to
693 3205 780 3238 saerum
791 3183 860 3240 MSS.
880 3193 945 3239 Torr.
958 3193 983 3239 it.
1002 3194 1031 3240 G.
1041 3196 1065 3241 S.
1080 3203 1102 3242 et
1108 3197 1192 3257 prima
1201 3199 1252 3246 add.

114 3258 148 3303 ded
156 3258 234 3304 laevttm
247 3259 315 3304 MSS.
330 3257 421 3305 Iambl-
434 3257 504 3318 Cntq.
514 3256 592 3304 Bmll.
604 3257 663 3304 Cun-
673 3256 757 3303 Sandb.
847 3258 878 3303 51
896 3255 966 3304 fodiat
975 3259 1026 3305 edd.
1036 3267 1088 3308 vell.
1167 3264 1200 3309 58
1215 3265 1252 3312 llt'c

106 3320 331 3384 semaam

112 3506 138 3552 38
152 3508 245 3556 Deoomt
262 3508 360 3557 Suadela
381 3510 500 3571 Venusqtoe
506 3530 516 3564 ,-
533 3508 557 3556 h.
570 3523 590 3556 e.
605 3507 641 3554 in-
704 3510 735 3555 ol
757 3509 941 3569 llampondem
948 3524 959 3566 ,·
972 3510 1031 3558 ultre
1041 3511 1188 3572 aequilibrium
1199 3529 1250 3561 cor-

90 3571 136 3630 genti
144 3573 174 3619 ris
184 3582 206 3620 et
215 3581 333 3621 venustas.
672 3573 741 3635 poris,
753 3587 805 3619 cum
816 3574 914 3635 periculo
926 3575 1027 3622 cadendi.

112 3637 138 3684 89
152 3635 307 3700 Cappadocum
333 3637 413 3700 Reges
433 3638 559 3686 vendebant
579 3637 641 3686 cives
704 3641 736 3684 52
753 3638 826 3684 Fadia
837 3646 859 3684 et
876 3639 952 3686 Velina
964 3637 1074 3687 Tn'buum
1085 3642 1249 3692 nominasent.

87 3697 221 3759 juredominii.
704 3705 737 3748 58
754 3703 842 3757 Fasces,
856 3700 1015 3751 Consulatum

112 3766 137 3812 tt
152 3769 252 3829 clamys
270 3765 372 3813 militaris
388 3773 437 3814 eret
455 3766 590 3814 Graecorum
607 3767 641 3814 la-
707 3767 874 3822 namnetum
891 3768 968 3814 sellam
990 3769 1097 3825 cundem,
1108 3777 1132 3817 et
1148 3787 1189 3833 per
1204 3772 1248 3820 boc

91 3842 147 3877 mua
672 3829 822 3878 AEdilitatern.
854 3831 962 3880 Ebumeo
976 3833 1059 3881 feretro
1070 3836 1208 3883 vehebantur
1224 3837 1248 3884 in

111 3895 135 3940 tl
151 3897 248 3956 Rogana
254 3909 265 3953 ;
277 3895 511 3944 aPraetoreludorum
521 3895 641 3944 Praefecto.
674 3893 767 3944 Curiam
778 3895 873 3943 AEdiles.

111 3959 137 4006 tu
149 3962 242 4020 Spem&
260 3961 372 4008 bonorum
384 3960 503 4022 splendor:
518 3961 571 4008 Scil.
581 3976 641 4023 prae-
704 3961 736 4006 tt
752 3960 919 4020 Immemorem
937 3961 991 4008 dicit
1003 3977 1051 4025 prae
1067 3963 1136 4011 nimia
1148 3966 1248 4026 potentia

89 4027 140 4080 lette,
150 4025 199 4072 sella
208 4025 299 4080 cumbe,
310 4025 370 4071 latus
381 4025 464 4080 clavus,
480 4025 549 4073 calcei
562 4025 639 4082 lunari,
670 4024 824 4074 ferocientem.

89 4085 250 4145 minores,
262 4089 392 4136 comitatus.
705 4087 787 4136 Blandi
806 4091 901 4137 Fratres
923 4105 1013 4138 coaevos
1035 4093 1203 4156 compellabant,
1224 4101 1247 4142 et

116 4153 194 4211 Gratim
209 4154 324 4217 popularis
335 4169 396 4200 aura.
672 4160 726 4200 natu
737 4155 833 4215 majores
845 4156 934 4202 Patres.

114 4219 138 4264 tu
153 4221 193 4273 Qui
207 4221 274 4268 dictet
289 4219 402 4275 marim
419 4217 582 4267 Nomenclator
601 4219 638 4266 hie
703 4221 734 4265 5⁵
752 4219 858 4274 Faceta-5,
870 4221 949 4266 comis.
981 4221 1065 4268 Faoeto
1080 4217 1169 4284 semper
1184 4222 1247 4272 adest
1295 4231 1298 4238 ’

92 4285 168 4344 estqui
174 4284 314 4348 singulorum
322 4283 406 4332 civium
414 4291 437 4332 et
447 4283 539 4332 nomint
549 4291 573 4332 et
582 4299 638 4334 con·
670 4283 731 4345 quod
741 4283 785 4331 dici
796 4284 910 4331 convenit.

92 4343 164 4398 diana
171 4357 269 4400 noverat.
702 4350 734 4394 58
754 4349 868 4409 Gurgitem
877 4349 1005 4398 lucaman
1023 4364 1051 4396 ac
1068 4352 1172 4411 peditat
1183 4353 1246 4418 sitit,

669 4413 742 4472 quise
752 4414 830 4461 maeri
839 4414 965 4470 simulabat,
977 4415 1036 4464 dam
1045 4424 1126 4465 meret
1137 4432 1210 4477 apros.

1034 4479 1075 4541 *r
