2964 5022
424 333 696 407 CARMINUM
717 339 792 404 Lni.
818 339 863 404 ΙΙ.
888 350 917 405 2.

199 516 275 580 Ceae
289 522 436 578 retractes
452 533 585 576 munera
599 511 731 588 naeniae3

38 711 39 720 ἵ
239 624 368 690 Mecum
384 624 524 689 Dionaeo
539 622 598 686 sub
613 635 705 687 antro

38 735 40 798 l
117 747 153 800 40
280 736 398 812 Quaere
413 734 526 798 modos
541 733 659 798 leviore
673 732 805 816 plectro.

446 928 478 970 38
495 923 575 970 funera
585 923 644 984 conj.
657 923 739 970 Helua
749 937 786 982 ap.
798 923 873 968 Bardi.

580 1187 743 1198 .-.------

545 1419 674 1501 ODE
705 1420 763 1500 Π.

397 1660 445 1707 AD
465 1658 492 1708 C.
510 1657 736 1706 SALLUSTIUM
755 1655 918 1706 CRISPUM.

350 1832 454 1877 Mettum
467 1833 612 1892 semiuirum-
648 1833 750 1882 Quartus
761 1843 837 1877 veram
849 1828 960 1874 Adonlus.

186 1993 327 2057 Nuauus
343 2005 474 2080 argento
490 1992 577 2057 color
592 2005 640 2056 est
654 1989 755 2054 avaris

186 2103 305 2180 Abdito
321 2104 424 2182 terris,
441 2104 566 2167 inimice
581 2103 696 2166 lamnae

187 2213 299 2299 Crispe
317 2214 455 2292 Sallusti,
471 2215 532 2278 nisi
547 2225 724 2306 temperato

364 2325 535 2411 Splendeat
549 2349 618 2390 usu.

119 2449 134 2502 5
188 2439 281 2503 Vivet
295 2450 425 2503 extento
442 2435 626 2500 Proculeius
642 2460 711 2499 aevo

186 2551 287 2616 Notus
303 2551 337 2612 in
353 2549 464 2614 fratres
479 2548 576 2612 animi
591 2547 734 2631 paterni:

88 2651 91 2660 ’
189 2661 281 2726 Illum
296 2673 370 2746 aget
383 2681 489 2743 penna
503 2670 662 2724 metuente
677 2657 756 2721 solvi

364 2767 462 2832 Fama
477 2781 644 2854 superstes.

190 2883 298 2948 Latius
314 2904 428 2970 regnes
444 2879 570 2945 avidum
586 2881 747 2946 domando

121 3002 152 3058 10
189 2995 349 3079 Spiritum,
366 3014 460 3079 quarn
477 2993 503 3054 si
519 2991 654 3078 Libyam
667 2995 796 3058 remotis

187 3104 328 3168 Gadibus
339 3105 467 3190 jungas,
483 3115 515 3166 et
530 3117 661 3189 uterque
679 3104 797 3168 Poenus

357 3214 479 3278 Serviat
495 3216 558 3276 uni.

93 3403 429 3466 lpucolor,honorcoaj.0un.
493 3403 612 3450 subdita
629 3405 705 3452 Vertat.
720 3413 741 3450 ct
754 3405 844 3452 Lumbi.
861 3405 935 3452 abdito
951 3414 1020 3452 enam
1036 3408 1108 3454 Brod.
1173 3413 1246 3475 '7agrt

340 3469 540 3530 occupauerat.
572 3469 632 3516 haud
643 3475 758 3516 metuente
768 3472 803 3516 ed·
820 3471 894 3518 Venet.
927 3470 954 3518 Z.
1203 3497 1206 3504 ι

112 3645 134 3689 38
146 3645 260 3696 Simonides
271 3649 315 3697 Cea
333 3648 407 3696 insula
425 3648 539 3704 oriundus,
559 3647 633 3696 Thre-
665 3649 802 3697 Murenam
811 3649 871 3713 ficit,
891 3657 919 3698 at
934 3664 989 3698 cam
1004 3650 1101 3711 εροὶἰαίἰε
1119 3651 1172 3698 bello
1188 3654 1247 3701 εἰμὴ

92 3711 259 3762 namucum
269 3714 407 3776 composuit.
660 3713 829 3774 patrimonium
838 3729 945 3763 mamea
960 3717 1045 3776 intregro
1061 3716 1172 3773 diuideret,
1183 3721 1245 3781 qaod

113 3773 135 3818 ld
145 3790 226 3826 mm
239 3781 299 3840 quod
319 3794 376 3826 eum
388 3779 547 3827 umeucaone
563 3786 633 3827 eatre-
665 3781 760 3828 cumeis
770 3777 825 3842 jam
835 3787 889 3828 onte
899 3781 1010 3828 ἀίυὴμαί.

92 3849 137 3910 ηιμ
149 3848 166 3886 et
179 3843 281 3890 ultimum
298 3851 390 3890 mortuo
407 3844 527 3898 accinitur,
545 3845 632 3892 Naem'a
696 3846 712 3890 6
730 3846 814 3900 Nalm,
842 3846 937 3892 celebris.
969 3848 1047 3894 Notus
1074 3847 1148 3894 animi
1173 3848 1244 3896 intell.

92 3899 161 3959 dmm
177 3906 259 3956 Graecis
273 3903 407 3958 ‘arsaniae
664 3924 738 3956 causa.
772 3909 828 3958 Stat
840 3909 911 3957 Theb.
922 3915 945 3958 2.
956 3913 1013 3958 274.
1046 3912 1104 3959 Noti
1114 3927 1216 3972 operum.

113 3968 136 4013 39
148 3968 214 4019 Dione
228 3973 305 4022 Mater
321 3980 371 4021 eret
381 3972 486 4020 Veneris.
695 3978 711 4021 7
729 3974 788 4035 Aget
799 3977 848 4037 jam
864 3990 906 4037 pro
921 3975 984 4032 feret,
997 3975 1082 4024 Graeco
1093 3992 1164 4024 more.

695 4038 751 4086 Alte
767 4040 852 4088 scilicet
862 4041 965 4095 volando,
978 4049 1004 4088 ut
1014 4039 1104 4104 learns.
1136 4041 1244 4088 Metuens

277 4101 352 4150 ODE
369 4100 405 4149 11.
662 4105 715 4151 solui
726 4119 813 4164 penna,
831 4120 882 4166 quae
898 4120 1013 4168 nunquam
1027 4107 1127 4161 solvitur,
1139 4113 1243 4153 aestuen-

116 4161 194 4236 lddn,
210 4168 273 4224 nitor,
295 4166 448 4230 pulchritudo.
490 4166 528 4216 Sic
548 4167 631 4229 Virgil.
662 4175 695 4216 tea
709 4183 799 4232 equore
814 4170 871 4230 turgt
889 4171 971 4218 Arctos
989 4172 1045 4218 dixit
1062 4170 1130 4232 Virg.
1157 4169 1202 4218 Ge.
1221 4175 1242 4220 1.

96 4219 362 4280 intumuerant
663 4235 719 4281 246.

116 4289 235 4366 ltlpcejam
246 4298 301 4346 dixit
311 4297 500 4359 prononcmice.
696 4302 726 4344 10
744 4297 896 4348 Hannibalem
907 4300 931 4347 in
942 4301 1017 4348 animo
1028 4300 1111 4348 habuit.

118 4354 127 4428 l
139 4355 237 4420 Significat
247 4362 377 4410 Sallustium
389 4362 504 4424 splendide
514 4362 598 4410 vivere.
697 4367 724 4410 ll
744 4366 831 4412 Poenus
848 4373 948 4427 umqaoe,
964 4367 1013 4427 quia
1026 4374 1048 4412 et
1059 4365 1083 4411 in
1094 4365 1174 4414 Africa
1184 4374 1207 4414 et
1217 4367 1241 4428 in

115 4422 262 4494 9Mum
273 4429 384 4489 Equitem
401 4429 629 4483 Romnumlaudat
664 4428 775 4491 Hispania
787 4437 840 4477 sunt
852 4429 926 4478 Poeni.

99 4494 121 4534 lli
132 4499 170 4542 nu
186 4491 212 4536 sic
229 4508 278 4554 erga
288 4494 379 4556 fratres
397 4508 448 4542 suos
465 4494 590 4555 Scipionem
609 4503 631 4540 et
952 4505 954 4508 '
