2954 5022
400 260 746 346 EPISTOLARUM
769 267 846 334 Lus.
869 267 898 334 1.
921 277 970 333 18.

233 439 354 504 Possisr
377 439 470 521 udde,
486 439 586 506 virilia
599 437 686 527 quod
700 420 871 525 speciosids
885 459 975 506 arma

170 597 174 603 -
230 550 301 614 Nou
316 552 434 640 estqui
447 563 579 629 uectet3
601 549 661 614 scis
676 572 741 636 quo
755 549 892 614 clamore
906 571 1033 614 coronre

228 660 342 725 Praelie
356 661 509 726 sustineus
524 659 731 745 campestria:
754 659 891 746 denique
906 679 1023 724 saevarn

154 779 187 835 55
226 769 373 834 Militiam
389 793 470 857 puer
484 784 516 838 et
532 769 722 836 Cantabrica
735 769 819 836 belle
832 769 930 838 tulisti

227 878 292 943 Sub
306 879 399 958 duce,
415 880 470 966 qui
483 881 608 966 templis
624 880 816 946 Parthorum
831 879 923 968 signe
936 880 1041 967 religit
1101 911 1104 916 ¹
1194 930 1211 962 ¹.

225 988 329 1066 Nunc,
345 1002 388 1067 et,
403 991 430 1054 si
444 990 522 1078 quid
536 991 634 1069 abest,
652 989 740 1056 Italis
754 989 915 1076 adjudicet
929 991 1035 1057 armis.

225 1101 273 1162 Ac
287 1121 329 1162 ne
344 1112 375 1164 te
390 1100 531 1164 retrahas
546 1112 578 1165 et
592 1100 812 1166 inexcusabilis
826 1098 940 1179 abstes‚
976 1149 980 1158 .
1024 1124 1027 1129 ·

228 1208 382 1284 Quamvis
397 1209 442 1273 nil
456 1223 546 1276 extre
560 1233 728 1276 numerum
741 1210 851 1276 fecisse
866 1209 1058 1297 modumque

148 1328 187 1382 60
227 1318 338 1397 Cures,
355 1320 514 1384 interdum
529 1321 656 1408 nugaris
671 1342 745 1386 rure
759 1333 909 1406 paterno:

228 1428 368 1493 Partitur
382 1429 491 1495 lintres
506 1431 663 1496 exercitus
671 1455 681 1507 3
704 1431 921 1518 Actis-pugna

229 1537 277 1602 Te
292 1539 374 1603 duce
388 1561 446 1624 per
460 1562 576 1625 pueros
591 1540 697 1606 hostili
712 1563 799 1606 more
814 1540 949 1606 refertur
957 1564 967 1618 ς

231 1648 440 1714 Adversarius
455 1663 503 1715 est
515 1651 630 1727 fratem
652 1650 750 1729 lacus,
767 1651 886 1727 Adria3
908 1651 1011 1717 donec
1073 1711 1075 1720 .

228 1758 427 1824 Alterutrum
441 1760 534 1824 velox
550 1761 681 1827 victoris
693 1761 807 1825 fronde
821 1773 961 1826 coronet.

145 1877 186 1935 65
228 1869 416 1934 Consentire
431 1870 495 1936 suis
510 1870 621 1936 studiis
635 1871 690 1958 qui
705 1870 875 1937 crediderit
888 1882 929 1950 te,

228 1980 347 2044 Fautor
361 1993 495 2066 utroque
510 1991 600 2046 tuum
615 1981 756 2047 laudabit
769 1977 883 2067 pollice
896 1980 1018 2046 ludum.

228 2088 377 2154 Protinus
392 2101 428 2154 ut
441 2111 588 2156 moneam
605 2093 644 2177 (si
659 2092 736 2180 quid
750 2091 914 2156 monitoris
929 2115 1003 2179 eges
1018 2095 1066 2174 tu)

227 2198 326 2276 Quid,
341 2198 382 2262 de
396 2221 522 2286 quoque
536 2201 615 2280 viro,
631 2215 664 2267 et
677 2200 728 2268 cui
742 2200 839 2280 dicas,
855 2223 941 2288 soepe
956 2203 1069 2268 videto.

228 2308 487 2373 Percontetorem
500 2307 620 2395 fpgito:
642 2332 716 2375 nam
731 2311 877 2399 garrulus
891 2312 976 2378 idem
991 2327 1055 2389 est;

144 2425 184 2487 70
211 2412 214 2417 ’
227 2418 296 2492 Nec
311 2419 448 2484 retinent
460 2419 578 2504 petulae
593 2421 760 2485 commisse
774 2421 910 2487 fideliter
924 2445 1034 2501 aures3

226 2529 271 2594 Et
284 2529 382 2594 semel
395 2529 545 2594 emissum
559 2530 645 2596 volat
658 2531 863 2597 irrevocabile
877 2533 1018 2598 verbum.

227 2640 303 2704 Non
317 2639 431 2708 ancille
444 2655 535 2704 tuum
543 2639 636 2725 jecur
650 2639 769 2705 ulceret
783 2640 858 2720 ulla,
872 2665 1002 2727 puerve,

225 2750 316 2815 Intra
329 2771 543 2814 marmoreum
557 2750 730 2815 venerandi
743 2750 839 2816 limen
855 2753 965 2828 amici:

226 2860 278 2925 Ne
291 2859 439 2925 dominus
453 2861 545 2946 pueri
559 2859 685 2946 pulchri
699 2883 820 2926 ceraeve
833 2863 949 2948 puellae

103 2998 132 3044 bl
147 3003 259 3046 sustentet
272 2999 334 3047 Curi.
432 3001 463 3045 56
481 2995 556 3060 refigit
565 2997 635 3044 etiam
646 2997 723 3045 Βοιαὶ,
733 3013 760 3044 ec
770 2998 839 3045 MSS.
848 3000 874 3045 u.
891 3000 919 3045 Ζ.
943 2998 1017 3046 refixit
1027 3002 1087 3062 vulg.
1103 3011 1125 3050 et
1145 3005 1209 3052 Tau.
1227 3007 1286 3058 Cure.

131 3063 213 3176 {Galil
224 3063 321 3177 numqgi
332 3063 517 3179 ffifflffiwsffx,
526 3063 587 3110 arvis
597 3061 657 3123 corti.
666 3063 743 3113 Benu.
832 3065 864 3110 58
880 3065 954 3111 ebstes
965 3066 1023 3128 corp.
1034 3067 1113 3116 Bmu.
1122 3076 1144 3116 et
1155 3071 1223 3118 Buaet.
1233 3073 1257 3118 2.
1267 3088 1289 3120 v.

131 3253 162 3300 tu
180 3257 291 3306 emona.-
308 3255 473 3304 circumsttntis
484 3257 564 3305 turbae.
742 3259 773 3304 65
794 3257 840 3308 Qui
850 3256 973 3310 crediderit,
985 3254 1116 3318 Augustum
1128 3255 1189 3303 dicit.

130 3320 162 3365 st
179 3321 339 3380 &numitius
362 3335 484 3368 annonem
508 3322 605 3370 ludov.
649 3320 677 3368 In
741 3325 774 3368 66
791 3321 996 3382 Εααὶον,ρίαιιεοτ.

106 3379 188 3446 Campo
198 3384 296 3434 Martio.
484 3386 488 3392 '
747 3387 848 3446 Utroque
855 3387 934 3445 pollice
944 3399 1073 3446 compresso
1087 3381 1214 3448 significare
1224 3385 1287 3432 vole-

133 3450 163 3494 tu
180 3451 227 3496 Sub
238 3451 313 3504 duem
331 3451 372 3498 sub
383 3449 498 3514 Augusto,
708 3451 763 3496 bant
778 3450 952 3497 deosculandum
969 3465 1019 3496 esse
1034 3465 1086 3496 eum
1101 3449 1139 3511 qui
1154 3449 1211 3497 bene
1227 3449 1288 3496 luse-

132 3515 163 3562 tu
178 3514 340 3570 Abertdeetn
368 3515 411 3564 Est
423 3524 446 3564 et
456 3517 517 3564 abest
527 3515 646 3564 contrariu.
711 3522 760 3571 rut;
784 3521 863 3562 contra
881 3515 997 3562 conversis
1014 3513 1131 3576 pollicibus
1149 3514 1233 3576 ignave
1249 3515 1287 3560 de·

134 3576 273 3639 Adiudicare
290 3581 361 3640 umis
379 3582 445 3628 Italic
461 3587 497 3627 est
509 3581 626 3643 subjicere,
642 3581 680 3628 vel
710 3581 796 3628 victum
814 3580 888 3626 necari
900 3580 1022 3643 jubebunt:
1042 3577 1081 3625 Eo
1097 3579 1156 3626 enirn
1168 3579 1236 3626 modo
1248 3593 1288 3624 ue-

106 3648 162 3688 rnetu
177 3659 294 3692 armorum
320 3645 348 3692 ed
375 3646 520 3694 macedam
539 3647 679 3709 majestatem
711 3652 791 3692 cantur
804 3644 904 3707 pulices;
922 3645 956 3691 Et
967 3658 1026 3690 verso
1038 3643 1189 3704 pollr'ceurdgi
1203 3643 1288 3696 Quem·

106 3704 185 3768 imperil
195 3710 296 3772 adigere.
710 3711 761 3756 libet
772 3711 877 3756 occidunt
882 3709 1030 3770 populus-item
1061 3707 1179 3757 luvenalis
1189 3710 1213 3754 3.
1221 3711 1261 3754 86.

134 3773 163 3818 56
179 3775 219 3822 Ne
232 3782 256 3822 te
271 3777 372 3823 retrahar
379 3790 389 3832 ,¹
406 3776 430 3822 h.
440 3791 460 3822 e.
473 3790 503 3824 ne
512 3773 602 3822 videare
612 3776 677 3823 inex-
742 3778 773 3822 67
791 3775 908 3822 Protinus.
950 3773 985 3820 Ut
999 3773 1110 3836 prioribus
1131 3771 1223 3819 monitis
1245 3771 1289 3820 elia

107 3837 226 3886 cusebiliter
237 3845 261 3886 te
273 3839 352 3888 officiis
363 3841 492 3888 subtrahere
502 3840 610 3890 virilibus.
698 3839 797 3894 ¹addunt,
808 3839 893 3887 videto.

133 3903 163 3948 59
179 3904 224 3949 er
242 3912 305 3950 cetra
322 3920 448 3952 cumeum
459 3905 543 3969 suem
560 3912 601 3960 est,
617 3904 679 3952 nulle
742 3908 774 3952 68
794 3905 861 3959 Quid,
873 3905 901 3951 de
911 3918 1014 3965 proque,-
1035 3902 1091 3950 Tria
1106 3901 1166 3956 duit,
1183 3901 1239 3964 quid
1253 3901 1288 3947 di·

98 3961 128 4010 iu
139 3969 263 4016 remodum
274 3970 391 4018 excedere.
710 3985 755 4024 cus,
771 3970 853 4030 deqrco
864 3970 932 4024 dicat,
948 3977 969 4016 et
980 3967 1096 4016 addicas.

134 4031 163 4077 ⁶⁰
181 4033 261 4090 Cums,
273 4049 343 4090 untes,
356 4041 447 4097 gratum
457 4036 549 4091 rihtest,
560 4034 598 4092 vel
608 4034 678 4083 cordi.
742 4037 774 4082 69
792 4036 991 4090 Percontatorem
1013 4032 1104 4082 Eadem
1120 4031 1182 4078 enim
1197 4029 1288 4078 libidine

135 4095 162 4142 61
180 4098 281 4156 Lirem,
294 4099 428 4160 morwuylos.
704 4101 782 4160 ,nouit
792 4115 845 4160 quac
855 4107 876 4146 et
886 4099 958 4144 undu.

135 4157 355 4225 Imagitemmgna
365 4165 540 4230 Actiocoesacis.
741 4167 772 4211 72
795 4165 889 4218 Ulcera,
901 4161 1011 4217 incendet,
1023 4175 1100 4207 amore
1111 4165 1168 4207 uret.

136 4226 164 4272 62
180 4228 226 4274 Per
233 4244 324 4290 ymerus,
336 4245 377 4290 per
387 4245 468 4278 vernes
479 4239 538 4280 tuot.
741 4231 773 4276 ’73
790 4229 949 4274 Marmoreum
955 4228 1032 4281 limen,
1041 4221 1286 4279 marmorermVillm,

137 4289 246 4354 Μαίων,
257 4295 399 4354 turbatur.
707 4293 745 4340 vel
758 4291 901 4340 Praetorium.

101 4389 104 4396 ·
137 4354 166 4398 64
182 4357 279 4414 Frende,
290 4359 372 4406 laurea.
