2954 5022
202 305 266 366 980
510 349 513 356 -
558 299 601 378 Q.
625 297 834 366 HORATII
857 299 1029 368 mccl

222 454 255 530 ‘s
331 469 484 536 Praeferst
500 469 642 539 Herodis
655 473 800 558 palmetis
813 472 1004 561 pinguibus3
1025 469 1123 553 ulter,⁴

226 587 287 648 185
329 580 430 648 Diues
444 593 477 647 et
490 582 699 669 importunus,
715 583 757 649 ed
770 583 915 648 umbram
929 582 1009 648 lucis
1022 583 1064 648 eb
1077 592 1152 647 ortu

334 691 516 758 Silvestrem
529 692 664 758 flammis
678 703 711 758 et
724 692 808 758 ferro
821 693 943 781 mitiget
955 715 1087 781 ugrum

333 803 401 868 Scit
415 802 549 896 §en-ius,
563 803 667 868 nutele
681 825 786 868 eomes
800 802 855 890 qui
869 814 1023 888 temperat
1036 813 1168 880 ostrum,

328 915 462 982 Naturae
476 914 554 980 deus
569 913 726 992 humanus,
742 913 882 978 mustelis
896 913 929 979 in
943 933 1058 976 uuum-

330 1024 490 1120 Quodque
504 1036 609 1111 eaput,
624 1023 712 1098 vultu
727 1022 896 1102 mutabilis,
910 1023 1001 1088 albus
1015 1037 1049 1088 et
1061 1033 1138 1087 ater.
1168 1080 1170 1084 ,

208 1127 209 1130 “
225 1143 287 1202 190
331 1134 423 1214 Utar,
440 1147 526 1200 etex
540 1135 665 1200 modico
680 1126 833 1221 quantum
846 1155 897 1199 res
911 1146 1020 1220 posset
1034 1155 1147 1198 acervo

329 1244 473 1322 Tollam3
495 1267 555 1310 neu
568 1256 705 1310 metuam
721 1243 798 1332 quid
811 1244 852 1309 de
866 1267 918 1310 me
926 1243 1049 1330 judicet
1061 1243 1177 1322 baeres,

333 1332 431 1430 Qudd
444 1377 510 1420 nou
524 1355 617 1442 plura
631 1355 712 1421 datis
727 1355 888 1421 invenerit.
932 1367 1082 1421 ettamen
1096 1355 1183 1420 idem

330 1466 418 1532 Scire
433 1465 535 1532 volam
549 1478 702 1554 quantum
717 1465 851 1552 simplex
864 1464 1035 1553 hilarisque
1048 1466 1158 1550 nepoti

331 1577 510 1662 Discrepet,
526 1589 559 1642 et
569 1588 724 1664 quantum
738 1576 897 1642 discordet
909 1598 1023 1661 parcus
1037 1598 1143 1641 avaro.

226 1695 286 1754 195
329 1686 438 1752 Distat
451 1687 546 1765 enim,
561 1707 690 1774 spargas
704 1687 935 1775 turmodigos,
951 1709 992 1752 au
1006 1709 1109 1774 neque
1124 1698 1265 1752 sumtum

274 1843 276 1847 .
293 1869 294 1875 ἵ
330 1795 452 1868 Invitus
465 1796 570 1874 facias,
585 1818 689 1884 neque
702 1797 795 1883 plura
807 1819 921 1883 perure
933 1797 1074 1874 laborem

330 1907 381 1973 Ac
394 1886 510 1993 putide,
526 1929 606 1992 puer
619 1919 654 1972 ut
666 1906 753 1972 festis
768 1903 1008 1994 quinquatribus
1022 1906 1108 1986 olim,

331 2018 459 2106 Exiguo
473 2029 626 2106 gratoque
638 2017 752 2082 frueris
766 2029 909 2103 tempore
922 2017 1047 2100 ruptim.

331 2130 503 2216 Pauperies
516 2129 680 2206 immunda
693 2129 791 2194 domu
805 2129 916 2214 procul
930 2128 1028 2194 obsit:
1051 2149 1122 2214 ego,
1138 2139 1246 2195 utrum

222 2253 288 2309 100
301 2281 313 2302 —.
331 2239 519 2306 Navesersr
532 2227 647 2328 magnis
660 2262 701 2316 uu
715 2227 823 2325 pervd,
838 2238 921 2303 feren
935 2261 1017 2303 unus
1031 2250 1063 2302 et
1076 2237 1172 2302 idem.

329 2353 405 2418 Non
420 2352 543 2440 agimur
557 2351 685 2416 tumidis
699 2349 776 2415 veiis
790 2349 936 2438 aquilone
950 2348 1107 2426 secundm

329 2464 405 2528 Non
420 2475 526 2527 tumen
539 2460 678 2526 adversis
692 2471 816 2526 aetntem
831 2459 974 2532 ducimus
989 2460 1123 2538 qustum

328 2573 469 2651 Viribus,
484 2572 621 2658 ingenio,
637 2569 750 2656 specie,
766 2571 890 2649 virtute,
905 2549 986 2648 luco,
1002 2593 1047 2648 re,

331 2681 477 2749 Extremi
491 2681 676 2767 primorum,
692 2681 840 2746 extremis
855 2703 954 2768 usque
968 2682 1099 2767 priores.

222 2805 284 2864 205
328 2795 406 2860 Non
418 2815 453 2858 es
468 2813 598 2857 avarus:
621 2791 682 2857 sbi.
727 2790 840 2872 Quid?
861 2805 974 2857 caeteru
984 2795 1051 2879 jum
1066 2794 1159 2882 simul
1173 2795 1236 2862 isto

330 2905 413 2970 Cum
427 2903 503 2967 vitio
516 2886 649 2988 fugire?
670 2917 757 2966 caret
770 2901 827 2966 tibi
840 2915 950 2988 pectus
965 2903 1051 2967 inani

328 3011 535 3079 Ambitione?
556 3023 642 3076 caret
655 3011 765 3075 mortis
780 3011 946 3076 formidine
960 3026 993 3076 et
1006 3004 1077 3078 iris?

333 3124 472 3202 Somnia,
487 3135 624 3210 terrores
637 3121 787 3208 magicus,
803 3122 963 3202 miraculo,
979 3145 1080 3210 sagas,

203 3343 248 3387 199
264 3339 345 3386 domus
355 3339 406 3386 edd.
411 3352 451 3398 pr.
460 3343 482 3383 et
492 3337 554 3396 mdg.
565 3334 796 3398 procurreretur.
808 3337 868 3392 Gru·
884 3336 910 3382 V.
921 3336 969 3390 No.
1059 3339 1108 3388 209
1124 3337 1275 3404 Extremique
1286 3346 1383 3408 priumm

307 3405 358 3451 Sur.
424 3404 473 3450 206
489 3401 551 3464 fuge,
563 3401 605 3447 rite
615 3407 677 3447 caret
687 3401 756 3447 Mus
765 3416 803 3462 ap.
818 3402 883 3448 Torr.
897 3401 926 3450 G.
937 3403 991 3448 Bos.
1007 3403 1030 3449 S.
1042 3405 1071 3450 Ζ.
1081 3404 1145 3452 Med.
1157 3407 1228 3453 1477.
1245 3411 1278 3457 F.

211 3609 213 3613 ’
234 3612 281 3660 lut
298 3609 396 3660 Herum
412 3608 534 3671 pulteolim
554 3608 618 3670 justu
637 3605 775 3656 Hierichun·
842 3609 887 3654 192
902 3607 980 3662 Datis,
1003 3622 1069 3669 quum
1089 3622 1140 3668 quae
1162 3623 1203 3670 per
1224 3615 1382 3662 testamentum

200 3684 246 3724 tem
262 3676 321 3731 satis,
338 3675 399 3722 unde
414 3673 506 3722 maximi
521 3672 604 3720 r'editus
621 3679 667 3722 tam
683 3687 712 3720 ex
728 3671 776 3734 pul·
807 3677 846 3718 sut
857 3673 897 3734 jus
911 3667 1039 3719 hereditatis
1051 3672 1071 3718 ei
1082 3673 1162 3718 tradita
1173 3673 1226 3720 sint.

199 3742 249 3796 uris,
269 3756 335 3806 quum
357 3755 387 3794 ex
407 3739 499 3791 balsami
516 3737 628 3796 viridario,
645 3744 712 3801 utque
727 3736 775 3788 aliis
842 3739 888 3784 197
908 3737 1066 3798 Quinquatrus
1084 3753 1099 3782 a
1118 3738 1220 3800 quinque
1240 3741 1327 3799 didm,
1348 3741 1385 3805 qui

199 3806 265 3852 rebus
277 3820 407 3868 provenere.
808 3802 853 3850 dues
864 3803 895 3848 ud
905 3803 986 3850 Fenus
996 3803 1110 3850 Miroeruoe
1117 3803 1240 3862 pertinent.

205 3923 210 3935 Ι
233 3872 367 3934 Pingui-ibus,
380 3868 499 3932 opulentis.
840 3870 889 3914 203
911 3867 1003 3921 Vtribrm
1020 3867 1155 3914 valetudiue.

232 3936 299 3982 Alter
304 3951 314 3992 ;
332 3935 428 3988 Demea.
839 3932 920 3992 Stude,
929 3933 1017 3994 timete,
1029 3932 1081 3988 loco,
1093 3932 1116 3978 h.
1127 3948 1148 3978 e,
1159 3931 1240 3988 sonna,
1252 3935 1381 3990 eruditione,

235 4004 281 4047 185
297 4003 465 4060 Importunuu
479 3997 602 4072 improbus,
618 3995 749 4048 indefessus.
807 4002 831 4042 et
841 3997 956 4057 dignitate.

235 4068 281 4112 186
299 4066 438 4121 diluentem
463 4070 607 4118 senucosum,
632 4069 656 4110 et
673 4076 713 4124 per
732 4062 775 4108 hoc
840 4065 888 4109 205
905 4061 962 4108 Non
977 4077 1001 4108 es
1017 4077 1118 4108 uvams:
1137 4062 1180 4108 hoc
1196 4062 1258 4112 euim
1270 4070 1296 4112 tu
1307 4065 1346 4120 uis,
1362 4070 1382 4111 ei

201 4130 307 4188 sterilem.
614 4149 615 4153 ¹
808 4141 850 4181 uos
862 4126 938 4188 utique
948 4126 1099 4180 concedimus.

236 4199 281 4241 187
301 4195 387 4242 Genius
393 4209 404 4250 ,⁰
419 4191 487 4238 modo
500 4191 545 4246 sot,
563 4192 631 4239 modo
645 4192 694 4254 ipss
703 4191 776 4238 homi·
840 4192 913 4238 Aduo
923 4199 945 4238 et
956 4199 1005 4237 uter
1011 4214 1020 4246 ‚·
1030 4189 1084 4238 felix
1096 4197 1119 4239 et
1130 4189 1215 4240 infelix.

202 4259 237 4304 uis
248 4259 329 4314 anime,
340 4259 399 4305 utin
410 4257 523 4304 hocloco.
841 4257 886 4304 Abi
892 4272 902 4315 ,·
919 4271 984 4318 euge,
995 4257 1074 4306 beatus
1084 4271 1117 4306 es.

236 4325 282 4370 189
299 4323 430 4378 Μαιαὸιῖὺς
448 4321 531 4369 varius.
