2964 5022
174 331 236 394 202
534 335 575 410 Q.
600 334 808 404 HORATII
832 333 1003 402 FLACCl

303 504 432 591 Quippe
446 505 604 594 benignus
618 520 695 574 erat
739 520 850 574 canna
863 508 926 586 hic,
941 530 982 572 ne
996 507 1148 594 prodigus
1164 525 1236 574 esse
1260 511 1263 517 '

239 623 258 681 5
302 617 448 694 Dicatur,
463 629 617 697 metuens,
633 619 721 706 inopi
735 620 812 684 dare
824 619 905 693 nolit
918 615 1031 696 amico,

303 727 418 814 Frigus
433 749 497 813 quo
511 727 686 816 duramque
700 729 815 794 famem
830 729 987 814 depellere
1001 729 1111 814 possit.

303 835 404 900 Hunc
418 836 445 900 si
458 841 662 922 perconteris,
678 839 726 902 avi
743 850 908 924 curatque
922 839 1061 922 parentis

303 945 493 1011 Praeclaram
508 927 631 1033 ingrati
646 948 779 1034 stringat
792 947 893 1010 malus
908 947 1045 1034 ingluvie
1060 971 1138 1026 rem,

304 1054 427 1121 Omnia
436 1057 599 1122 conductis
614 1061 761 1122 coe'mens
775 1056 908 1122 obsonia
921 1057 1075 1134 nummis3
1108 1063 1110 1074 ⁴

221 1175 260 1231 10
291 1137 459 1231 ‘Soranus
474 1179 568 1256 atque
582 1168 679 1233 animi
693 1166 781 1254 quod
794 1166 883 1251 parvi
898 1166 978 1230 nont
991 1140 1123 1245 hasen?

305 1274 491 1362 Respondet
501 1277 698 1342 :.Laudatur
714 1276 754 1340 ab
769 1275 829 1354 his,
845 1275 990 1361 culpatur
1004 1278 1045 1342 ab
1060 1277 1130 1342 illis.

305 1387 448 1452 Fufidius
462 1410 574 1473 vappae
587 1386 703 1450 famam
718 1385 808 1451 timet
821 1409 858 1450 ac
872 1387 1049 1466 nebulonis,

303 1497 403 1564 Dives
417 1498 511 1586 agria,
528 1481 614 1562 dives
628 1495 738 1582 positis
753 1495 785 1558 in
798 1495 919 1561 faenore
933 1497 1081 1562 nummis.

307 1607 430 1684 Quinas
444 1608 496 1672 hic
510 1608 605 1693 capiti
619 1606 779 1671 mercedes
794 1619 937 1672 exsecat:
961 1621 1055 1695 atque

222 1728 260 1786 15
304 1718 434 1794 Quanto
448 1717 601 1802 perditior
616 1717 747 1803 quisque
762 1728 818 1794 est,
834 1729 922 1782 tanto
937 1697 1039 1783 coritis
1054 1729 1187 1804 urguet;

303 1829 444 1893 Nomina
458 1839 650 1905 sectatur,m
620 1812 715 1892 modo
730 1812 833 1890 sumtd
846 1840 931 1892 veste
946 1828 1037 1905 virili,

306 1938 373 2004 Sub
386 1937 527 2022 patribus
542 1932 640 2014 duris,
656 1936 804 2001 tironum.
839 1909 1004 2016 Maxime,
1019 1939 1089 2052 quis
1103 1959 1179 2015 non,

237 2019 464 2133 Juppiter,
477 2046 641 2124 exclamat,
658 2046 751 2110 simul
766 2058 860 2133 atque
875 2047 1019 2112 audivit?
1038 2023 1165 2124 11Α1ιι)
1181 2071 1216 2112 se

306 2158 371 2223 Pro
369 2169 509 2278 quaestu
523 2168 661 2221 sumtum
675 2155 749 2222 facit
762 2135 842 2220 bic.
834 2163 873 2232 11
886 2157 951 2220 Vix
965 2158 1093 2222 credere
1106 2159 1220 2243 possis,

220 2279 263 2335 20
307 2241 413 2345 Quam
428 2267 488 2331 sibi
502 2288 568 2330 non
583 2266 622 2330 sit
636 2265 772 2329 amicus:
793 2269 837 2330 ita
851 2279 887 2331 ut
900 2279 991 2352 pater
1004 2267 1067 2347 ille,
1084 2268 1217 2333 Terenti

306 2377 462 2442 Fabula
441 2397 535 2462 quem
549 2377 699 2439 miserum
713 2389 788 2441 nato
802 2373 917 2440 vixisse
931 2377 1041 2465 fugato

304 2487 441 2565 Inducit,
456 2509 521 2550 non
536 2509 570 2554 se
584 2463 685 2608 pejus
689 2486 873 2551 cruciaverit
888 2501 981 2574 atque
995 2487 1057 2552 hic.

307 2599 342 2664 Si
356 2598 425 2685 quis
440 2619 525 2660 nunc
538 2609 669 2682 quaerat,
677 2571 762 2672 Quo
776 2619 826 2661 res
840 2596 910 2661 haec
924 2569 1095 2682 pertinet?>
1108 2597 1208 2662 Illuc:

305 2708 395 2772 Dum
409 2708 509 2772 vitant
523 2705 609 2772 stulti
622 2707 708 2784 vitia,
724 2707 758 2770 in
773 2709 930 2773 contraria
944 2721 1084 2772 currunt

177 2903 193 2946 6
209 2897 333 2960 propellere
350 2897 400 2944 eut.
418 2898 469 2944 Sos.
484 2897 596 2942 macir.
608 2897 667 2942 Gun.
731 2898 747 2942 7
765 2895 917 2956 percuncteris
935 2895 1018 2942 Lunrh.
1082 2895 1214 2958 Siuglubie
1229 2898 1264 2944 H.
1332 2901 1365 2945 ln

208 2963 296 3025 purviq
282 2962 341 3023 quud
354 2962 422 3010 ctat.
504 2962 533 3007 lt
549 2961 664 3006 mercedes
675 2959 746 3020 exigit
762 2961 816 3008 Vera.
831 2961 895 3007 Gur.
971 2962 1000 3006 ts
1017 2960 1129 3006 exclamet
1148 2962 1203 3008 Ven.
1216 2963 1280 3010 Gler.
1293 2964 1365 3010 ctu.

209 3028 292 3102 etipse
304 3028 358 3073 Ven-
369 3026 433 3074 Gur.
489 3027 519 3072 19
541 3026 610 3084 Vulgo
617 3026 760 3084 distinguunt
766 3032 816 3083 past
827 3023 888 3072 facit.
919 3025 962 3072 Sed
971 3031 1062 3071 secutur
1071 3039 1124 3072 rum
1134 3027 1233 3073 Bentuu
1241 3028 1365 3084 rationem,

209 3093 263 3153 quia
273 3092 304 3138 sic
315 3099 336 3138 et
346 3091 372 3138 ιἰι
381 3091 553 3150 interrogatione
562 3097 584 3136 et
593 3090 619 3136 in
629 3103 731 3149 ιιιιιιιιιιο
742 3088 778 3135 hic
789 3097 846 3135 recte
856 3089 981 3135 adhibetur.
1013 3088 1040 3136 Z.

210 3281 362 3340 4Benignur
382 3287 445 3334 erut,-
474 3279 506 3326 sic
525 3278 585 3326 enim
603 3279 636 3324 1111
649 3278 753 3326 dicebant
819 3281 848 3324 16
866 3279 970 3325 Nomium
981 3285 1093 3334 rectatur,¹
1089 3279 1195 3328 heut
1206 3277 1317 3326 debitores
1328 3281 1366 3328 fa

178 3345 305 3408 prodigum.
785 3343 828 3389 ciat
839 3349 941 3389 venatur.
973 3315 1095 3392 Debitorei
1112 3344 1171 3390 enlm
1187 3345 1281 3391 nurnine
1300 3345 1365 3394 dice-

211 3407 754 3474 81ιιδοτα11ηιιιὶἰιὲιαια1111111υά111,ιά
784 3409 871 3461 bantur,
884 3416 1001 3468 postquam
1013 3423 1036 3453 m
1047 3408 1135 3454 cadmea
1146 3409 1209 3454 retau
1220 3419 1280 3456 sunt

178 3475 266 3522 devota.
820 3475 849 3518 17
868 3472 914 3525 Qui
930 3471 1054 3534 depositaj
1056 3487 1091 3518 em
1110 3479 1220 3533 praetexta
1239 3474 1266 3519 ud
1285 3473 1364 3522 forum

210 3541 317 3600 Str-ingat,
328 3545 453 3593 consumat,
463 3545 569 3590 attenuet,
579 3538 702 3593 deminuat,
713 3554 752 3584 ra·
785 3537 955 3590 deducebantur,
967 3537 1051 3583 tirones
1061 3537 1233 3598 appellabuntur
1266 3539 1367 3586 Nunlr'-

179 3606 232 3650 dat:
257 3605 472 3664 suentanaetapiroru
490 3618 505 3647 a
521 3603 597 3655 ιιιιιιὶι,
617 3617 672 3663 quus
684 3604 753 3648 strin-
785 3602 846 3648 celiut
856 3616 898 3660 per
909 3603 1005 3648 Senatus
1016 3603 1117 3648 coruutta
1127 3603 1235 3648 tironibus
1238 3602 1365 3665 soenerma.

176 3671 259 3730 gimus,
271 3669 362 3728 quando
372 3669 420 3714 illas
429 3666 621 3729 nudamussaliis.
820 3669 849 3712 19
867 3667 914 3712 Pro
932 3673 1020 3728 questu
1042 3673 1146 3713 sunctum
1156 3667 1235 3730 sucin
1240 3668 1365 3727 'largiter

213 3737 228 3780 9
245 3733 322 3780 Locat'
328 3732 452 3793 pecuniam
464 3739 502 3792 qul
512 3731 594 3778 foertori
611 3731 655 3786 dut,
674 3731 706 3778 itu
716 3733 754 3793 qai
782 3732 869 3790 potitur
879 3745 954 3784 censu
971 3739 992 3776 et
1005 3731 1058 3776 berre
1072 3739 1182 3790 procurrat
1192 3746 1273 3790 οιηιιιι
1283 3747 1365 3781 urum.

179 3806 259 3846 mutuo
271 3797 345 3851 sumit,
356 3798 468 3844 conducet
702 3833 704 3838 .
818 3797 849 3840 20
867 3796 938 3841 Pater
947 3795 983 3841 ute
998 3795 1104 3850 Τινειιιὶ,Ι
1122 3793 1273 3842 Menedemus
1281 3796 1364 3845 Hecu

215 3866 242 3908 11
261 3863 386 3908 Laudatur
396 3861 423 3906 ab
434 3862 473 3916 itis,
481 3859 523 3914 alii,
532 3875 569 3921 qur
563 3861 688 3906 'similibus
698 3875 755 3922 guu-
786 3860 1009 3906 tontimarumenos.

9 3941 10 3950 ¹
89 3976 91 3980 ,
180 3929 239 3984 deut,
258 3927 353 3990 probant
371 3925 462 3986 Tigellii
481 3925 597 3980 rationem,
615 3925 754 3988 aliirmpro-
818 3925 848 3970 21
867 3923 941 3970 Miser
951 3923 1040 3985 estqui
1052 3925 1162 3972 cruciatur
1173 3939 1247 3970 enirm

179 3995 242 4041 bant.
671 4011 676 4020 ·
818 3989 916 4048 Fugato
928 3989 951 4034 h
965 3988 1025 4036 ein
1031 3988 1122 4036 exilium
1138 3996 1196 4036 acto.
1230 3988 1277 4042 Qui
1293 3993 1364 4052 patris

214 4060 245 4104 11
264 4055 345 4109 auno
355 4055 478 4102 cnueumrs
484 4054 594 4117 facereret
786 4068 888 4100 convicte
898 4068 944 4100 nan
955 4051 1030 4100 ferens
1040 4054 1159 4100 mihtatum
1170 4053 1260 4100 abierut.

213 4124 310 4168 Errecat
320 4121 400 4180 capr'ti,·
419 4120 442 4166 h.
452 4135 472 4164 e.
483 4121 510 4164 de
519 4126 576 4164 sorte
586 4118 683 4166 deducit.
819 4120 850 4164 22
868 4117 944 4179 Atque
951 4133 995 4176 pro
1005 4133 1083 4178 quarn.

216 4188 244 4232 15
262 4187 379 4240 Perduior,
389 4184 499 4231 sumtibus
514 4183 620 4237 insanior,
632 4191 656 4229 et
663 4198 704 4244 per
712 4183 755 4229 hoe
819 4184 852 4228 23
869 4183 976 4236 Pertinet,
989 4182 1010 4227 h.
1022 4197 1042 4228 e
1050 4183 1136 4228 tendit
1150 4188 1173 4228 et
1182 4184 1255 4230 tendes
1266 4197 1290 4229 et
1300 4191 1365 4232 tenea

181 4250 801 4313 deploratione
814 4244 944 4294 Graeuo
909 4265 970 4292 ιιιιιι
981 4253 1041 4294 sunt.

216 4315 300 4362 Acrius
309 4331 370 4374 urgu
371 4322 408 4368 et,·
427 4313 569 4363 manuum
580 4313 656 4362 usuris
666 4319 763 4360 onerat.
819 4313 851 4357 24
868 4311 906 4358 Ex
917 4311 1033 4373 disciplina
1048 4309 1124 4358 Stoica
1138 4311 1292 4366 stultusne
1304 4313 1363 4362 insa-

183 4376 274 4442 Urgere
282 4379 344 4426 enim
353 4379 476 4440 deprimere
486 4385 510 4426 et
517 4379 610 4426 obruere
621 4384 662 4423 est.
687 4375 754 4424 Nun·
787 4391 830 4424 nos
842 4375 993 4438 Philosophiae
1003 4372 1057 4424 dicit
1066 4383 1176 4440 expertes.

182 4459 253 4509 quam
264 4443 482 4507 peranteriorum,
506 4441 588 4490 nullius
598 4441 722 4490 miseretur.
