2954 5022
400 275 970 350 EPISTOLARUML12.1.14.
1023 272 1053 306 ‘·
1217 285 1280 347 oet

219 453 274 520 Me
286 463 434 540 constare
449 445 526 515 mibi
540 451 613 531 scis,
629 464 661 516 et
675 434 836 518 discedere
851 451 983 532 tristem,

218 563 483 649 Quandocunque
498 561 628 627 trabunt
642 561 742 626 invisa
755 562 887 648 negotia
899 564 1053 628 Romami

218 673 292 738 Non
306 663 603 749 eadem'miramur3
626 657 664 736 co
679 672 876 738 disconvenit
890 673 972 737 inter

216 783 336 870 Meque
352 795 384 848 et
397 794 448 847 te:
470 805 555 860 nam,
571 805 644 869 quae
659 782 784 863 deserte
798 795 830 848 et
843 782 1003 868 inhospita
1017 793 1128 871 tesqua

130 899 176 956 20
216 891 339 970 Credis,
355 915 481 957 amoena
495 905 587 957 vocat
600 914 724 957 mecum
740 892 794 978 qui
809 893 913 971 sentit,
930 905 962 957 et
975 892 1043 957 odit

215 1000 298 1078 Quae
312 1015 348 1066 tu
362 1002 496 1088 pulchra
510 1013 612 1088 putas.
656 1001 760 1065 fornix
776 1000 833 1066 tibi
848 1014 879 1066 ct
895 1013 988 1067 uncta
1001 1003 1120 1088 popina

213 1111 376 1176 incutiunt
390 1112 478 1176 urbis
493 1111 695 1190 desiderium,
711 1110 823 1188 video;
846 1123 878 1174 et
892 1111 978 1198 quod

214 1221 362 1308 Angulus
377 1223 436 1286 iste
450 1221 529 1286 feret
543 1222 634 1306 piper
649 1235 681 1286 et
694 1236 745 1286 tus
760 1209 848 1286 ocids
862 1203 941 1298 ιινὲς

215 1331 282 1396 Nec
296 1332 401 1396 vicina
415 1332 523 1396 subest
536 1332 646 1395 vinum
660 1330 804 1417 praebere
819 1331 951 1396 taberna

129 1449 173 1507 25
212 1442 294 1520 Quae
308 1442 411 1528 possit
424 1441 498 1520 tibi3
521 1419 579 1506 nec
594 1433 745 1504 mere'trix
759 1441 897 1519 tibicina,
913 1442 1003 1526 cujus

210 1553 262 1618 Ad
278 1552 445 1636 strepitum
460 1551 552 1616 salias
567 1563 662 1616 terrae
675 1552 800 1639 gravis:
824 1565 975 1616 ettamen
991 1573 1106 1640 urgues

211 1654 408 1746 Jampridem
423 1683 488 1725 non
503 1674 587 1726 tacta
600 1661 759 1748 ligonibus
774 1683 859 1739 arva,
875 1659 1051 1747 bovemque

208 1771 414 1858 Disjunctum
429 1793 531 1848 curas,
546 1783 578 1836 et
592 1772 707 1836 strictis
721 1770 886 1835 frondibus
901 1770 1027 1855 exples:

206 1867 307 1946 Addit
322 1903 404 1966 opus
417 1883 511 1968 pigro
528 1883 620 1961 rivus,
637 1883 663 1946 si
680 1882 798 1946 decidit
812 1880 924 1959 imber,

130 1999 167 2056 30
207 1972 315 2056 Multis
328 1991 412 2055 mole
426 1991 589 2056 docendus
605 1993 712 2077 aprico
726 2013 857 2077 parcere
871 2002 973 2077 prato.

206 2101 313 2178 Nunc,
336 2123 405 2188 age,
428 2100 505 2187 quid
520 2113 663 2166 nostrum
679 2114 866 2166 concentum
880 2101 1011 2182 dividat,
1034 2103 1118 2170 aridi.

205 2209 313 2286 Quem
327 2225 438 2275 tenues
452 2196 586 2276 decuire
600 2223 685 2299 togae
699 2211 853 2297 nitidique
867 2205 984 2296 capilli,

204 2318 312 2395 Quem
327 2320 388 2384 scis
403 2320 577 2385 immunem
594 2322 720 2386 Cinarae
734 2322 888 2408 placuisse
903 2324 1019 2407 rapaci,
1102 2381 1103 2384 ,

204 2428 312 2505 Quem
327 2430 470 2496 bibulum
485 2431 597 2518 liquidi
611 2416 715 2496 medii
730 2431 770 2496 de
785 2431 854 2497 luce
870 2432 1008 2512 Falerni,

125 2544 162 2602 35
203 2539 306 2603 Coena
320 2539 424 2605 brevis
433 2544 534 2627 juvat,
551 2554 583 2606 et
596 2563 696 2627 prope
711 2541 813 2604 rivum
829 2564 958 2607 somnus
973 2545 1006 2606 in
1020 2528 1136 2620 herb33

202 2648 272 2714 Nec
286 2650 398 2716 lusisse
411 2652 521 2736 pudet,
537 2651 593 2716 sed
608 2673 673 2715 non
688 2651 826 2716 incidere
840 2652 963 2717 ludum.

202 2759 277 2823 Non
294 2760 364 2825 istic
380 2760 508 2848 obliquo
523 2761 616 2826 oculo
630 2783 701 2825 mes
715 2763 881 2826 commoda
896 2763 1062 2849 quisquam
1144 2747 1146 2751 ’

202 2867 324 2948 Limat3
346 2893 411 2934 non
425 2870 500 2935 odio
514 2870 649 2935 obscuro
665 2892 833 2958 morsuque
848 2885 1001 2936 venenat:

203 2979 324 3049 Rident
338 2981 431 3046 vicini
447 2980 556 3066 glebas
571 2994 604 3045 et
617 3003 694 3046 saxa
708 2993 897 3046 moventem.

123 3097 160 3152 to
202 3089 286 3156 Cum
300 3092 398 3155 servis
412 3091 537 3155 urbana
551 3091 652 3155 diaria
666 3090 780 3156 rodere
794 3097 911 3168 mavis3

82 3276 114 3320 23
128 3273 262 3341 DeJunctum
273 3279 357 3327 Lam.
368 3293 394 3326 es
404 3289 502 3342 qrrutuor
513 3282 576 3328 codd.
647 3282 680 3328 33
698 3278 796 3360 Cyparae
806 3281 918 3328 eddoett.
990 3283 1021 3328 lt)
1038 3284 1130 3332 reddere
1141 3287 1179 3334 Fl.
1193 3289 1261 3335 itas.

114 3471 139 3516 19
153 3473 257 3536 Τεεᾳιιω
270 3471 364 3532 Lingua
371 3472 507 3520 Sabinorum
513 3474 560 3520 loca
568 3473 649 3536 diffiei-
718 3475 749 3519 31
769 3471 886 3526 Quantum
898 3473 956 3520 inter
967 3482 1078 3537 meatque
1089 3483 1112 3524 te
1123 3477 1218 3526 intersit.

82 3533 109 3578 lia
121 3543 140 3581 et
148 3537 229 3596 mileto
239 3538 338 3584 semibus
348 3537 379 3584 sic
390 3539 546 3588 mordeamur.
718 3541 751 3584 32
768 3539 851 3592 Mutii,
863 3539 931 3586 uncti.
1089 3593 1091 3599 Ι

110 3602 136 3646 21
153 3602 239 3648 For-nic
246 3617 257 3659 ,¹
274 3602 297 3647 in
312 3601 434 3648 somicibus
447 3600 508 3650 Circi
518 3603 648 3665 prostabant
717 3605 749 3648 33
766 3603 907 3657 Immunem,
919 3605 967 3650 siue
980 3619 1093 3652 munere„
1119 3605 1158 3654 De
1176 3605 1260 3656 Cinara

85 3666 230 3714 meretriculae.
686 3663 731 3712 Od.
746 3668 768 3712 l,
784 3670 807 3713 1.
819 3669 842 3714 t.
861 3675 884 3713 et
897 3671 933 3714 13.
944 3671 984 3715 31.
1016 3671 1070 3727 Scis,
1083 3671 1163 3732 quippe
1176 3673 1213 3732 qui
1225 3674 1260 3719 in-

114 3731 190 3786 uma,
201 3731 304 3778 redobsus
318 3738 339 3776 et
350 3731 428 3792 optimi
438 3728 480 3780 cibi
485 3733 564 3792 plena.
684 3731 815 3778 ternuncius
833 3731 901 3786 fuisti,
920 3740 943 3779 et
961 3733 1015 3778 mihi
1033 3737 1130 3797 puellam
1147 3737 1259 3783 adduxisti

108 3797 137 3840 23
152 3795 262 3855 Augtdus
272 3797 326 3851 istm
344 3796 431 3857 agellus
450 3797 493 3842 iste
509 3811 555 3843 non
573 3796 646 3858 magis
684 3799 807 3856 vinumque
818 3797 947 3858 apposuisti.

81 3855 191 3909 foeturas
203 3875 271 3921 quam
283 3860 345 3921 piper
356 3866 379 3906 et
390 3861 448 3916 thus,
461 3862 483 3908 h.
494 3876 515 3908 e.
524 3876 646 3922 uunquam.
716 3863 748 3906 34
766 3862 867 3922 Liquids',
879 3878 944 3908 sacco
956 3862 1041 3922 liquati,
1155 3905 1160 3916 ,

107 3923 136 3969 24
150 3926 229 3973 Subest
239 3940 249 3980 ;
260 3940 330 3986 prope
338 3933 380 3972 est.
716 3929 747 3971 35
765 3927 843 3981 Juvat,
852 3927 899 3973 scil.
908 3942 944 3972 me
956 3942 1022 3981 nunc,
1033 3929 1069 3975 ubi
1080 3936 1135 3975 aetus
1144 3945 1195 3976 mea
1203 3931 1258 3976 ulios

106 3991 135 4034 26
152 3987 298 4050 Quamquam
316 3989 339 4034 iu
347 4023 349 4030 .
357 3998 381 4036 te
400 3996 434 4036 est
453 3991 517 4045 urbis¹
532 3997 558 4036 et
581 3991 645 4037 urba·
671 4005 766 4044 mores,
778 3990 843 4036 aliam
856 3992 924 4037 vitam
936 3993 1042 4052 postulat
1210 4013 1213 4018 ·

81 4065 149 4102 mrum
167 4054 297 4100 deliciarum
318 4069 475 4116 nugammque
496 4055 642 4103 desiderium:
716 4058 747 4101 36
765 4056 885 4112 Incidere;
898 4057 1036 4117 abrumpere.

80 4122 145 4165 tamen
155 4125 180 4166 tu
188 4135 235 4166 non
247 4119 346 4181 negligis
357 4134 425 4181 opera
435 4120 526 4167 rustica.
714 4121 747 4166 37
764 4119 819 4165 Mea
846 4123 963 4166 commodo
984 4137 1025 4182 pro
1047 4137 1109 4170 mem
1126 4123 1255 4186 felicitates.

105 4185 134 4232 37
150 4184 285 4244 Isgombus,
305 4184 398 4231 sarculis
419 4184 487 4241 latis3
518 4182 645 4237 Μικίλλις
682 4183 745 4239 Istic,
756 4184 780 4229 in
791 4183 844 4231 villa
855 4200 905 4232 mes
916 4183 1012 4240 Usticae.

82 4242 148 4294 Greci
158 4248 242 4304 dicunt,
255 4248 328 4294 nostri
338 4247 415 4310 im·
715 4252 747 4296 38
765 4248 851 4306 Limut,
868 4249 954 4304 minuit,
967 4249 1071 4297 detrabit.

105 4314 134 4360 ts
149 4314 224 4373 Pigro,
237 4313 522 4374 otientiinterquiescenti.
716 4316 747 4361 to
763 4313 876 4362 Durium
886 4315 1011 4362 uuiusds'es'
1022 4316 1202 4374 demeuusmcst,

106 4378 133 4424 30
148 4379 290 4434 Docendus;
302 4378 417 4442 mussent
427 4377 561 4427 tumuitus.

1042 4449 1082 4506 *z
1180 4465 1181 4470 ¹
