2954 5022
201 321 265 386 ara
564 319 606 396 o.
631 313 835 383 nonnrn
859 301 1031 384 risco}
1075 371 1077 375 ,

250 501 289 560 16
334 489 401 556 Hae
415 487 545 555 latebrae
559 491 679 568 dulces,
695 489 813 576 etjam,
830 488 857 552 si
872 489 984 568 credis,
1001 513 1145 570 amoenae‚

333 600 529 665 Incolumem
544 600 601 665 tibi
612 623 663 664 me
677 610 829 685 praestant
845 598 1082 682 Septembribus
1096 601 1195 666 horis.

331 711 386 775 Tu
400 693 488 774 rectd
499 710 588 788 vivis,
602 711 628 773 si
643 731 734 773 curas
750 730 820 772 esse
835 707 924 793 quod
938 709 1047 773 audis:

331 821 492 885 Jactamus
501 819 693 904 jampridem
707 821 809 882 omnis
824 831 855 882 te
872 818 976 882 Roma
990 818 1138 883 beatum:

332 929 396 994 Sed
410 951 521 1018 vereor
535 951 575 992 ne
590 929 641 991 cui
655 928 696 993 de
710 940 741 993 te
755 929 826 1014 plus
841 907 937 1014 quhm
949 928 1005 992 tibi
1020 929 1140 1006 credas,

246 1046 289 1107 20
331 1040 421 1104 Neve
436 1051 527 1124 putes
542 1039 639 1102 aiium
653 1040 793 1124 sapiente
808 1039 955 1124 bonoque
969 1037 1107 1116 beatum,

334 1149 418 1228 Neu,
435 1149 507 1214 site
522 1149 659 1234 populus
674 1171 787 1214 sanum
801 1133 948 1234 rectdque
962 1149 1118 1214 valentem

331 1259 474 1338 Dictitet,
491 1259 647 1322 occultam
662 1259 779 1322 febrem
797 1258 855 1321 sub
870 1270 995 1343 tempus
1010 1258 1125 1324 edendi

330 1367 530 1446 Dissimules,
547 1366 649 1432 donec
664 1367 808 1431 manibus
824 1380 943 1431 tremor
957 1368 1076 1433 incidat
1089 1372 1204 1436 unctis

289 1473 292 1480 ’
332 1481 543 1546 Srunronum
557 1479 700 1542 incurata
713 1475 818 1562 pudor
831 1476 933 1543 malus
948 1477 1055 1543 ulcera
1068 1479 1158 1545 celat.

211 1648 216 1674 ‚
241 1573 288 1656 ⁵35
334 1588 369 1656 Si
383 1589 453 1674 quis
467 1588 550 1654 belia
564 1588 622 1652 tibi
636 1571 721 1652 terrd
735 1599 875 1674 pugnata
889 1588 1032 1674 marique

330 1697 438 1775 Dicat,
454 1697 548 1762 ethis
563 1698 666 1762 verbis
681 1719 794 1761 vacuas
809 1698 1004 1782 permulceat
1017 1722 1128 1774 aures3

332 1816 353 1850 ‘⁶
369 1787 460 1872 Te‘ne
474 1809 574 1892 magis
590 1807 710 1898 salvum
724 1807 861 1892 populus
877 1808 960 1886 velit,
973 1804 1182 1894 an'populum
1197 1824 1244 1887 tu,

333 1923 355 1958 “
373 1918 483 1982 Servat
496 1916 530 1978 in
544 1917 703 2004 ambigu0,
720 1917 776 2003 qui
790 1916 928 1981 consulit
941 1929 973 1981 et
986 1918 1044 1982 tibi
1058 1935 1090 1982 et
1104 1918 1185 1998 urbi,

333 2034 354 2068 “
368 2027 390 2091 J
392 2026 515 2110 uppiter
525 2028 553 2103 ;”
599 2027 737 2114 Augusti
750 2026 859 2091 laudes
874 2049 1044 2114 agnoscere
1051 2016 1170 2113 possis.

252 2149 293 2205 30
338 2121 421 2204 Cdm
435 2134 552 2220 pateris
567 2139 691 2221 sapiens
706 2137 953 2224 emendatusque
967 2139 1081 2202 vocari.

56 2262 255 2338 earnalia-w
333 2223 562 2331 Responddsne
576 2259 642 2326 tuo,
659 2247 710 2312 dic
725 2247 827 2325 sodes,
843 2247 994 2312 nomine?
1037 2215 1201 2334 siremps
1241 2271 1244 2277 ’

28 2327 262 2390 aspamam.
306 2345 509 2422 “virbonus
524 2369 556 2422 et
570 2357 709 2442 prudens
724 2358 787 2421 dici
798 2358 941 2422 delector
955 2381 1015 2446 ego
1030 2371 1126 2423 actu.
1141 2349 1156 2382 ''

331 2474 354 2545 tl
371 2469 438 2544 Qui
453 2467 540 2532 dedit
554 2468 615 2530 hoc
629 2449 734 2545 nodis,
752 2490 832 2547 cras,
848 2468 874 2530 si
889 2468 982 2546 volet,
998 2467 1135 2546 auferet3
1157 2480 1193 2534 ut
1207 2469 1235 2532 si

329 2577 492 2643 Detulerit
504 2576 603 2640 fasces
618 2576 760 2664 indigno,
776 2578 920 2642 detrahet
934 2577 1029 2641 idem.

244 2696 284 2754 35
316 2673 429 2767 “Pone‚
445 2711 552 2752 meum
567 2679 760 2774 estJ'inquit:
785 2711 881 2773 pono,
898 2687 1057 2773 tristisque
1071 2687 1196 2752 recedo.

329 2797 420 2862 Idem
435 2798 462 2861 si
476 2797 589 2863 clamet
603 2797 714 2875 furem,
730 2808 825 2884 neget
839 2819 907 2860 esse
921 2796 1083 2880 pudicum,

330 2906 511 2972 Contendat
523 2908 637 2994 laqueo
652 2907 768 2971 collum
783 2907 932 2992 pressisse
946 2918 1124 2992 paternum,

198 3099 231 3144 22
246 3101 336 3158 tempus
345 3094 441 3141 habendi
454 3095 511 3142 Zur.
593 3098 624 3142 30
643 3092 703 3143 Cum
715 3096 790 3156 cupias
801 3095 854 3141 Mu.
864 3097 919 3142 Bos.
933 3095 962 3142 G.
973 3096 997 3140 S.
1010 3093 1086 3154 cupies
1097 3091 1125 3140 Ζ.
1205 3094 1238 3140 82
1261 3095 1334 3142 Verba
1345 3111 1390 3158 ego

573 3175 599 3206 ac
611 3161 676 3205 tuad
687 3159 930 3223 amecedeutiarffero.
962 3157 1018 3204 Zeu.

234 3319 262 3363 15
275 3314 375 3376 Etjom,
387 3316 453 3361 etiam
465 3329 532 3369 nunc,
543 3315 587 3361 hoc
602 3315 651 3375 ipso
668 3320 775 3376 tempore,
841 3317 873 3360 23
891 3313 1031 3374 Paralytieus
1043 3321 1127 3360 tremor
1142 3311 1226 3360 suturae
1237 3315 1320 3370 mortis
1333 3315 1391 3362 indi-

198 3397 244 3443 quo
266 3381 345 3435 scribo,
368 3380 438 3426 debeo
458 3379 608 3425 valetudinem
626 3378 700 3440 agello
718 3395 775 3434 meo,
809 3378 879 3425 cium.

199 3452 333 3508 tempestate
343 3445 396 3490 anni
407 3445 460 3490 alius
471 3443 612 3505 gravissima.
763 3441 765 3445 ’
841 3445 874 3490 24
890 3444 988 3499 Maleam·
1004 3457 1123 3505 perversus
1134 3448 1157 3489 et
1167 3458 1259 3506 pravus.

233 3513 262 3556 16
279 3509 440 3570 »ςφιεφηῠήὶηιε
450 3509 567 3568 hosiaqao
578 3508 776 3567 temperaturae
840 3511 872 3554 26
888 3509 967 3563 Dicat,
978 3515 1061 3554 cantet.

188 3575 263 3640 suciis
278 3575 353 3622 morto
369 3581 487 3620 tentantur
498 3587 597 3633 corporo,
608 3588 635 3619 er
646 3572 777 3620 Auctumni
846 3574 955 3629 Varum,⁸
972 3580 996 3620 et
1006 3588 1046 3634 per
1056 3573 1100 3618 hoc
1110 3573 1204 3634 patulas.

198 3641 339 3688 arramato.
840 3640 871 3684 27
888 3639 1048 3698 wenemagm
1066 3637 1126 3684 Haec
1133 3638 1196 3684 arim
1206 3637 1388 3685 VariusdeAu·

223 3709 262 3752 '13
279 3705 417 3759 mauman
434 3702 590 3764 pradicamus.
805 3711 870 3761 gusto
880 3704 1006 3762 scripserat.

230 3771 339 3822 Beatum,
352 3768 457 3829 opinione
470 3767 541 3830 vulgi,
554 3769 582 3813 ob
597 3766 680 3814 famam
692 3766 777 3813 seilicet
839 3769 871 3843 33
888 3769 982 3827 sapsam
990 3767 1175 3842 mmmm,
1187 3767 1210 3812 h.
1221 3781 1242 3814 e.
1252 3767 1358 3815 doctrino
1367 3773 1390 3814 et

198 3840 266 3944 atqiii
277 3834 376 3944 tiiiemddi
392 3897 419 3942 de
435 3903 456 3942 te
468 3896 539 3955 phau
556 3896 662 3957 egregius
681 3901 715 3940 est
734 3895 777 3940 iste
807 3832 1100 3950 mhribuls'drgdeerilaudoctus,
1111 3895 1272 3958 Philosophus.

199 3961 339 4018 Catonianos
360 3976 439 4007 versus
460 3956 495 4022 [l.
521 3958 576 4023 rh}
612 3960 671 4007 Plus
686 3959 735 4006 aliis
749 3961 777 4006 dc
841 3961 892 4019 Ego
902 3976 930 4006 ac
941 3967 974 4015 tu,
984 3961 1062 4022 supple
1072 3975 1145 4023 oeque.

197 4036 218 4074 te
228 4042 301 4088 quom
311 4034 339 4073 tu
349 4026 387 4072 ribi
397 4027 486 4072 credere
496 4025 551 4071 noli.
840 4027 872 4070 33
890 4023 1013 4086 Postquam
1025 4027 1137 4072 concessit
1143 4026 1272 4087 jucundum
1285 4041 1337 4074 esse
1347 4043 1389 4072 vo·

156 4102 173 4128 ²·
228 4095 260 4138 20
278 4091 377 4146 Alium
389 4097 424 4136 est
436 4089 592 4136 Hellenismus
608 4089 631 4134 iu
647 4089 720 4134 ulium
735 4103 773 4134 sca·
804 4088 849 4134 cari
865 4089 949 4136 bonum
969 4097 993 4136 et
1010 4090 1149 4150 prudentem,
1170 4091 1237 4144 addit,
1256 4093 1285 4138 ab
1309 4093 1387 4139 eodem

191 4158 275 4216 pionte,
298 4156 360 4216 qussi
382 4154 453 4200 ἄλλον
479 4154 519 4200 τοῦ
545 4153 616 4216 σοφοῦ.
662 4154 728 4204 Quod
753 4155 773 4200 si
801 4155 887 4219 populo
899 4170 964 4215 aeque
974 4154 1038 4200 facile
1052 4155 1133 4201 auferri
1144 4155 1207 4200 illum
1218 4157 1340 4204 honorem.

195 4229 314 4267 accusator
331 4221 389 4266 olim
406 4219 487 4280 Scorto
496 4219 569 4282 forst.
612 4217 722 4264 Phaedrus
746 4221 770 4265 3.
836 4221 869 4264 st
885 4220 992 4278 Indigno,
1005 4221 1083 4280 supple
1094 4221 1157 4266 mdtt'.

196 4285 236 4332 Pr.
249 4287 289 4332 tl.
332 4321 336 4328 .
414 4321 417 4330 .
837 4286 869 4329 35
886 4285 974 4345 Inquit,
986 4284 1033 4330 scil.
1043 4285 1148 4346 populus.

227 4351 259 4396 22
277 4349 366 4397 Manus
375 4357 458 4398 unctos
470 4356 544 4406 vocat,
551 4349 600 4411 Jam
607 4347 730 4411 jurulenus
741 4347 773 4394 ci·
837 4350 869 4394 36
886 4350 953 4398 Idam
965 4349 1059 4396 rciertm
1069 4350 1098 4398 ad
1106 4348 1271 4398 nominativum
1279 4351 1389 4413 paruisse.

195 4413 229 4460 bis
240 4413 343 4476 pingues.
