2964 5022
178 309 220 366 64
531 308 574 385 Q.
598 309 807 376 HORATII
832 311 1004 380 FLACCI

655 647 785 731 ODE
816 649 896 732 XI.

619 860 669 908 AD
687 861 720 916 Q.
736 859 929 913 HIRPINUM.

636 991 741 1039 Metram
752 1003 779 1040 ut
789 995 816 1041 in
822 995 909 1055 mima

306 1119 402 1196 Qun>
424 1117 591 1181 bellicosus
608 1117 768 1183 Cantaber
783 1133 815 1186 et
831 1123 963 1209 Scythes

306 1229 448 1313 Hirpine
463 1227 605 1306 Quincti,
621 1229 749 1316 cogitet,
766 1231 868 1296 Adria

232 1354 235 1358 ’
348 1340 480 1405 Divisus
494 1338 628 1424 objecto,
644 1341 784 1406 remittas

391 1450 564 1528 Quaerere3
587 1472 646 1515 nec
660 1452 799 1537 trepides
814 1453 848 1516 in
862 1475 954 1518 usum

243 1569 262 1626 5
309 1561 472 1626 Poscentis
487 1560 547 1624 aevi
561 1583 671 1646 pauca.
720 1561 801 1650 fugit
815 1575 901 1629 retro

305 1671 400 1736 Levis
414 1671 571 1737 luventas
586 1684 618 1736 et
633 1672 753 1751 Decor,
769 1674 858 1738 arida

350 1781 492 1847 Pelleute
506 1782 638 1847 lascivos
653 1805 777 1848 amores

393 1893 517 1958 Canitie
530 1892 717 1981 facilemque
731 1917 888 1960 somnum.

305 2005 381 2070 Non
396 2025 520 2088 semper
533 2003 619 2068 idem
633 2003 764 2070 floribus
780 2017 829 2070 est
841 2005 944 2072 honor

222 2124 261 2180 10
304 2113 431 2193 Vernis,
446 2136 550 2201 neque
563 2136 629 2179 uno
646 2115 740 2180 Luna
753 2118 872 2183 rubens
885 2118 966 2183 nitet

350 2225 467 2291 Vultu:
490 2225 568 2312 quid
582 2227 708 2292 aeternis
723 2230 879 2294 minorem

392 2336 540 2402 Consiliis
554 2337 696 2401 animum
710 2337 842 2425 fatigas?

307 2447 375 2512 Cur
389 2469 456 2512 non
470 2448 530 2512 sub
544 2448 609 2512 alta
622 2448 672 2512 vel
686 2449 815 2534 platano
830 2449 879 2514 vel
893 2449 953 2514 hac

308 2558 392 2623 Piuu
402 2562 545 2645 jacentes
560 2558 605 2624 sic
620 2571 749 2639 temere,
765 2572 797 2626 et
812 2582 885 2625 rosa

222 2679 261 2736 15
350 2669 456 2734 Canos
470 2669 596 2735 odorati
611 2671 754 2756 capillos,

391 2780 482 2846 Dum
491 2780 575 2859 licet,
593 2781 787 2868 Assyriaque
800 2781 902 2846 nardo

307 2892 458 2956 Potamus
472 2890 584 2956 uncti?
605 2891 737 2977 dissipat
752 2891 850 2956 Euius

307 3002 410 3067 Cures
424 3001 546 3066 edaces.
592 3002 674 3079 Quis
688 3024 769 3089 puer
783 3001 872 3068 ocius

350 3112 540 3200 Restinguet
553 3113 692 3178 ardentis
709 3112 838 3177 Falerni

221 3231 265 3288 20
394 3223 515 3289 Pocula
529 3235 741 3310 praetereunte
755 3222 909 3309 lympha?

308 3333 391 3411 Quis
404 3334 533 3400 devium
547 3347 687 3399 sc'ortum
703 3333 805 3400 eliciet
819 3334 916 3398 domo

308 3444 447 3532 Lyden?
468 3424 599 3524 eburna,
615 3444 668 3508 dic
682 3467 751 3532 age,
763 3466 837 3508 cum
851 3444 921 3529 lyra

349 3555 503 3636 Maturet,
518 3557 553 3620 in
567 3558 708 3620 comtum
719 3553 871 3619 ’Lacaenae

290 3742 295 3747 .
391 3667 487 3732 More
501 3689 625 3732 comam
640 3666 771 3753 religata
784 3666 915 3730 nodum.

177 3827 669 3892 vhonosvulg.sedhonordcliol.Acroa,
686 3829 839 3876 codd.Beatl.
857 3834 879 3874 et
894 3827 1024 3874 simonius.
1049 3825 1077 3874 Z.
1166 3829 1196 3872 17
1213 3825 1306 3890 dissipet
1316 3828 1379 3892 conj.

415 3894 499 3942 Heius.
508 3909 546 3954 ap.
557 3894 635 3941 Beati.
699 3897 739 3951 2³,
751 3896 784 3940 24
799 3893 1026 3940 insontem-nodo.
1037 3892 1115 3940 Bona.

398 4028 472 4079 ODE
489 4030 538 4080 XI.
791 4031 939 4094 sempiternis,
956 4033 978 4078 h.
990 4047 1011 4079 e.
1026 4046 1078 4094 quae
1088 4031 1117 4078 sd
1127 4028 1254 4092 longissimi
1265 4031 1377 4094 temporis

791 4112 868 4145 curam
890 4097 1010 4160 pertinent,
1030 4096 1138 4152 murnum,
1160 4095 1241 4157 quibus
1259 4109 1300 4157 par
1324 4110 1377 4143 esse

209 4161 226 4207 t
243 4157 428 4208 construendum
448 4160 533 4209 Graeco
550 4176 620 4219 more,
642 4162 695 4210 Nec
713 4170 758 4209 tre-
790 4161 1017 4225 nequeateoulieisl

173 4225 237 4286 pidet
254 4227 296 4273 συὶ
311 4226 349 4272 vel
365 4226 420 4274 vite
439 4227 506 4289 hujus
524 4243 597 4284 causa,
616 4242 667 4290 quae
686 4243 758 4289 pauca
825 4231 855 4276 lt
873 4231 943 4276 Rosa.
974 4229 1062 4274 &aaa
1082 4241 1139 4273 rosoe
1160 4226 1226 4286 longe
1247 4232 1375 4287 antequam

173 4290 244 4351 poscr't
257 4290 284 4337 irs
298 4306 369 4338 unua
380 4291 395 4338 i.
414 4291 443 4340 sd
454 4300 542 4339 sumtus
553 4293 697 4349 necessarios,
709 4307 760 4339 mo·
792 4301 916 4353 unguenta
927 4299 1029 4352 repertus
1040 4299 1079 4339 est.

177 4356 206 4402 do
217 4355 290 4418 possis
301 4356 391 4402 avidum
403 4356 530 4420 cupidinem
541 4358 640 4406 domare.
827 4361 856 4405 17
873 4358 977 4417 Dissipat
995 4371 1080 4404 curos:
1102 4354 1295 4402 Anacreonticum
1318 4353 1374 4402 illud

205 4424 221 4467 6
238 4419 306 4467 Leuis
317 4421 353 4468 hic
365 4428 401 4468 est
412 4421 525 4470 imberbis.
791 4424 917 4486 expressit:
937 4417 1051 4470 ratam
1062 4419 1127 4470 stru
1139 4418 1251 4487 μιρίμνις.

211 4488 241 4532 12
257 4484 296 4531 Tu
317 4486 490 4548 cogitationibus
516 4488 661 4551 longissimis,
693 4504 714 4548 q.
736 4489 758 4534 d.
823 4491 855 4536 23
874 4489 1154 4548 commonuissem
