2972 5020
550 322 594 398 Q·
617 319 821 394 HORATII
844 319 1014 390 FLACCI

630 702 960 824 snrrunv1.'
1079 788 1092 814 ,

459 963 460 966 ’
480 982 520 1034 ru
536 983 730 1036 onursosas
746 985 936 1036 nurnuun
953 979 1109 1036 suouuu.

202 1137 263 1188 Cum
276 1133 392 1193 Horatius,
402 1135 505 1186 h'bertino
515 1145 579 1201 patre
588 1148 661 1195 natus,
672 1153 686 1188 a
696 1137 825 1186 Maeoenete
835 1139 858 1185 in
869 1153 987 1187 numerum
998 1139 1120 1187 amicorum
1137 1135 1220 1186 relatus
1231 1144 1315 1185 esset:
1339 1135 1410 1184 invi-

234 1203 270 1249 dia
279 1202 408 1258 multorum,
420 1202 520 1264 inprimis
535 1203 648 1259 nobilium,
665 1203 717 1250 inde
732 1211 845 1250 commotu
857 1218 907 1250 esse
921 1204 1016 1250 videtur.
1049 1203 1126 1258 Quare
1138 1203 1174 1250 hic
1186 1203 1341 1266 potissimum
1356 1203 1408 1249 hoc

234 1267 288 1330 ogit,
300 1273 325 1312 ut
335 1266 486 1314 Maecenatem
498 1267 608 1315 defendat.
641 1267 699 1324 Etsi,
710 1269 789 1330 inquit,
800 1274 831 1321 tu,
850 1267 973 1322 Maecenas,
986 1267 1086 1315 omnium
1103 1267 1253 1315 Etruscorum
1271 1283 1300 1314 es
1324 1282 1409 1328 gene·

234 1331 376 1388 rosissimus;
387 1346 433 1378 non
444 1338 519 1379 temen
530 1347 573 1387 me,
582 1338 606 1378 ut
617 1331 714 1394 plerique
725 1332 815 1386 nobiles,
829 1332 927 1393 spernis:
941 1347 993 1378 narn
1004 1348 1049 1379 non
1061 1339 1107 1378 tam
1115 1348 1195 1394 genus,
1203 1347 1271 1393 quam
1284 1332 1405 1378 animum

232 1403 256 1442 et
264 1411 338 1442 mores
349 1403 443 1458 spectas.
475 1396 523 1443 Scis
534 1397 601 1452 enim,
613 1398 696 1444 multos
705 1397 783 1443 humili
793 1396 845 1442 loco
856 1404 927 1450 natos,
938 1396 1008 1444 fuisse
1016 1397 1096 1458 probos
1107 1405 1130 1444 et
1145 1397 1267 1444 honoribus
1282 1397 1348 1456 reip.
1361 1409 1406 1441 or-

234 1466 307 1515 natos,
319 1467 348 1515 et,
356 1467 440 1516 contra,
452 1460 601 1508 nobilissimos
611 1462 713 1508 homines
725 1461 753 1507 ob
763 1461 817 1507 vitae
828 1461 986 1522 turpitudinem
996 1461 1073 1508 tulisse
1084 1462 1202 1523 repulsam.
1225 1460 1404 1507 Veruntamen

234 1538 284 1578 nos,
296 1525 334 1585 qui
349 1531 373 1571 et
382 1540 465 1588 genere
476 1532 499 1572 et
510 1526 625 1572 sententiis
640 1527 735 1588 avulgo
751 1525 907 1587 discrepamus,
923 1540 969 1571 non
985 1525 1090 1572 debemus
1100 1527 1185 1587 majore
1196 1531 1311 1586 appetere,
1327 1540 1362 1570 ne
1374 1524 1402 1569 in

235 1588 340 1635 invidiam
359 1596 382 1636 et
398 1591 485 1652 justam
500 1590 616 1637 hominum
627 1590 766 1637 incurramus
778 1590 978 1651 reprehensionem,
994 1599 1019 1636 ut
1030 1589 1111 1636 Tillius
1122 1591 1220 1650 quidam,
1233 1598 1256 1635 et
1266 1589 1307 1635 alii
1320 1589 1400 1650 igno-

233 1652 296 1700 biles.
328 1653 405 1714 Atque
419 1654 492 1716 ipsum
504 1670 546 1709 me,
565 1655 667 1700 libertino
683 1660 746 1715 putre
757 1660 840 1708 natum,
859 1669 936 1700 omnes
948 1654 1072 1700 clanculum
1084 1655 1193 1708 mordent,
1206 1654 1259 1699 olim
1271 1654 1341 1714 quod
1354 1667 1400 1698 co·

232 1717 321 1764 hortem
332 1716 439 1774 duxerim,
452 1733 512 1765 nunc
522 1734 586 1776 vero,
597 1719 657 1779 quod
667 1719 712 1772 tibi,
725 1717 848 1773 Maecenus,
861 1719 902 1764 sim
914 1719 1035 1772 convictor,
1053 1733 1185 1779 quamquam
1196 1718 1286 1779 injuria.
1315 1716 1398 1770 Nam,

249 1796 275 1826 ro
283 1782 351 1828 tusin
362 1782 438 1829 amicis
446 1783 569 1844 deligendis
575 1782 695 1844 diligentia,
707 1797 753 1828 non
765 1798 818 1829 casu
826 1797 864 1829 me
873 1782 932 1828 iuter
942 1789 993 1828 tuos
1004 1783 1112 1844 recepisti,
1124 1783 1163 1828 sed
1174 1782 1369 1828 commendatum
1382 1796 1398 1827 a

233 1796 332 1907 burgilin
339 1845 459 1908 Varioque,
471 1855 495 1894 et
505 1853 596 1893 atemet
605 1847 654 1908 ipso
670 1853 801 1908 spectatum,
812 1847 863 1907 quia
874 1861 937 1892 meos
947 1862 1022 1894 mores
1032 1855 1055 1892 et
1065 1847 1134 1892 vitam
1145 1847 1251 1907 probasti,
1263 1861 1336 1906 quam
1350 1861 1397 1906 op-

233 1909 283 1956 timi
290 1910 359 1972 patris
370 1926 430 1958 curre
441 1918 464 1958 et
473 1909 524 1956 fidei
535 1911 611 1966 debeo,
628 1911 699 1972 quiin
710 1926 747 1956 me
758 1911 893 1957 instituendo
904 1911 971 1956 nullis
982 1911 1091 1960 sumtibus
1104 1911 1209 1974 pepercit.
1243 1910 1325 1965 Quare
1346 1925 1396 1956 nee

235 1974 314 2032 melior
324 1982 394 2039 poter,
406 1990 448 2022 nec
456 1975 542 2038 gratior
551 1975 606 2023 vitae
614 1975 711 2024 conditio
722 1975 854 2038 contingere
863 1975 973 2038 potuisset
982 1975 1044 2022 mihi.

328 2125 419 2205 Nou,
434 2127 518 2214 quia,
535 2126 707 2205 Maecenas,
723 2125 887 2212 Lydorum
903 2125 1052 2214 quicquid
1067 2125 1218 2190 Etruscos

326 2235 464 2305 Inuoluit
477 2237 566 2314 fines,
582 2259 675 2301 nemo
691 2237 872 2322 generosior
886 2247 935 2300 est
948 2248 996 2314 te3

326 2345 408 2426 Nec,
423 2344 510 2434 quod
520 2368 595 2410 avus
610 2345 667 2411 tibi
680 2359 839 2410 maternus
854 2344 914 2409 fuit
927 2356 1194 2431 atquepaternus,

328 2455 415 2520 Olim
430 2456 484 2542 qui
498 2454 620 2542 magnis
634 2454 810 2544 legionibus
825 2456 1058 2541 imperitareut3

264 2575 284 2629 5
329 2563 376 2631 Ut
391 2565 532 2651 plerique
546 2564 657 2642 solent,
673 2586 751 2628 naso
765 2564 928 2650 suspendis
943 2562 1067 2629 adunco

330 2673 471 2762 Ignotos,
487 2685 522 2741 ut
535 2697 587 2739 me
600 2672 746 2738 libertino
760 2684 849 2758 patre
863 2684 991 2739 natum:

332 2763 415 2852 edm
428 2785 545 2850 referre
558 2807 665 2872 negas,
681 2783 769 2871 quali
783 2785 823 2849 sit
837 2785 968 2874 quisque
983 2799 1113 2872 parente

326 2895 439 2973 Natus,
454 2895 532 2958 dum
546 2895 710 2981 ingenuus.
755 2894 930 2960 Persuades
945 2896 1006 2960 hoc
1020 2898 1077 2962 tibi
1091 2873 1174 2977 verb,

326 3006 412 3070 Ante
425 3016 611 3090 potestatem
626 3002 715 3070 Tulli
730 3014 824 3091 atque
837 3004 976 3092 ignobile
989 3030 1134 3095 regnum,

242 3124 282 3180 10
326 3113 449 3178 Multos
464 3095 547 3198 soeph
561 3113 645 3177 viros
656 3114 751 3178 nullis
765 3116 936 3200 majoribus
948 3129 1035 3180 ortos

329 3223 373 3288 Et
386 3222 501 3286 vixisse
515 3222 643 3306 probos,
659 3224 771 3309 amplis
786 3236 818 3288 et
831 3224 1004 3290 honoribus
1020 3239 1149 3303 uuotns3

323 3331 453 3409 Contra,
470 3331 647 3412 Laevinum,
663 3333 772 3401 Valeri
786 3356 896 3420 genus,
912 3335 997 3400 unde
1014 3336 1175 3422 Superbus

197 3530 213 3576 t
229 3528 380 3594 imperitarent
396 3531 474 3580 nemi.
495 3545 522 3580 es
538 3533 608 3582 MSS.
629 3533 783 3596 imperitnmnt
802 3538 831 3584 Ζ.
848 3545 870 3585 et
890 3539 956 3586 (hob.
972 3539 1122 3605 imperitsrint
1137 3543 1168 3590 al.
1185 3541 1325 3606 imperitarit.
1341 3547 1378 3594 H.

645 3603 662 3646 'i
678 3614 747 3662 neges
757 3600 818 3663 conj.
825 3604 919 3667 Boujin.

416 3767 486 3818 SAT.
503 3769 549 3818 VI.
755 3806 758 3812 ·
830 3779 846 3821 8
862 3774 984 3835 Ingenuus
994 3777 1123 3840 simpliciter
1132 3781 1217 3840 bonus3
1245 3789 1377 3852 contrsfic-

316 3895 321 3907 ι
798 3845 842 3892 tus,
855 3840 892 3899 qui
903 3841 981 3888 callide
989 3843 1047 3889 celet
1056 3844 1118 3892 vitiu.

229 3895 335 3971 lflLydra
345 3897 461 3957 thndnm
474 3897 571 3962 proficii
583 3899 695 3948 incoluere
717 3902 767 3948 He-
832 3905 972 3960 Persuader;
991 3921 1069 3954 semus
1078 3917 1116 3966 est,
1130 3912 1199 3959 Recte
1209 3913 1250 3960 hoc
1259 3916 1336 3962 mutis.

193 3969 299 4009 nursam.
435 4025 439 4036 Ι
831 3969 847 4013 9
864 3969 921 4015 Frn't
936 3971 1026 4020 ibaldus
1040 3973 1161 4036 sl'orpuinir'
1171 3977 1245 4023 Prisci
1255 3979 1376 4026 nummu

225 4028 241 4071 5
259 4024 324 4071 Naso
334 4025 450 4084 sumemus
464 4025 571 4081 moneo,-
588 4029 648 4089 quod
659 4030 722 4089 urigo
733 4031 768 4076 di-
798 4031 835 4077 m's
845 4046 921 4080 semus
930 4049 943 4081 e
953 4037 1041 4096 captivo
1048 4047 1123 4086 notus.
1162 4037 1215 4086 Fuit
1226 4041 1276 4088 haec
1287 4041 1375 4090 Ocrisia

193 4091 382 4142 cunhdesaunas.
398 4090 442 4135 Est
450 4093 767 4141 autemsanunrisussolutus
800 4093 962 4146 Corniculana:

194 4167 274 4227 eornm
290 4155 331 4228 qui
346 4155 435 4200 detortis
450 4154 543 4200 mribus
552 4157 651 4204 scrobum
661 4160 768 4205 erudiunt
833 4163 863 4207 lo
880 4163 966 4218 Nullis,
978 4165 993 4212 i.
1004 4181 1024 4214 e.
1034 4165 1175 4228 ignobilibus.

194 4218 220 4264 irs
230 4217 327 4279 alicujus
328 4217 461 4280 fastidium.
834 4227 864 4271 12
881 4227 930 4273 Hic
941 4230 970 4275 P.
984 4231 1083 4276 Valerios
1093 4231 1147 4276 adeo
1153 4232 1226 4295 foedis
1235 4249 1263 4280 ac
1269 4233 1375 4296 proiectis

226 4284 242 4326 o
259 4279 359 4342 Augusti
376 4296 426 4329 sevo
436 4282 550 4330 Iiberrim
563 4283 621 4330 idem
633 4285 728 4347 eratqui
745 4293 769 4333 et
799 4289 826 4334 iu
842 4305 934 4340 omnem
958 4295 1124 4353 turpitudinem
1144 4297 1243 4345 mouban
1264 4300 1325 4358 mni,
1346 4308 1373 4348 ut

192 4343 297 4459 {iberam
317 4343 371 4392 oiim
382 4353 457 4394 autern
474 4347 589 4396 libertinm
603 4347 675 4396 liberti
685 4350 768 4398 eratii-
795 4355 945 4413 provehi'non
950 4358 1048 4418 punierit
1058 4359 1120 4407 ultro
1134 4361 1262 4413 Quarum
1275 4365 1373 4426 ma·

135 4447 142 4460 .
203 4422 245 4456 rus.
799 4425 852 4464 tens.
