2972 5020
559 290 601 366 Q.
626 287 835 354 HORATII
856 289 1026 356 FLACCI

331 461 438 528 Multa
452 462 624 528 Po‘e'tarum
637 462 743 526 veniat
755 484 878 539 manus,
893 461 1012 526 auxilio
1026 483 1101 548 qum·

332 572 381 639 sii
394 571 471 636 mihi
485 577 572 657 (nain
586 553 686 636 multis
699 571 806 657 piures
821 570 942 652 sumus)
957 592 994 636 ac
1008 570 1103 636 veluti
1118 583 1150 638 te

329 683 352 748 J
352 682 435 748 udoei
448 705 596 770 cogemus
610 683 644 747 iu
657 683 741 747 hanc
751 681 924 746 concedere
938 681 1073 746 turbam.

614 846 658 892 iii
677 844 803 905 auxilioque
814 842 898 890 Lami.
909 839 977 889 clai.

818 935 828 964 Ο

709 1039 880 1062 ηιμ-ιιι-

642 1201 858 1284 SATIRA
893 1201 946 1282 V.

605 1411 689 1460 ITER
711 1411 985 1461 BRUNDUSINUM.

206 1574 246 1624 Ad
255 1576 419 1638 componendas
430 1576 593 1625 controversias
603 1577 663 1624 inter
673 1576 804 1638 Augustum
820 1583 844 1624 et
855 1576 981 1624 Antonium
993 1582 1053 1624 οιιιιι
1061 1580 1186 1622 conventus
1197 1571 1326 1632 utriusque
1337 1568 1403 1630 legs·

238 1648 320 1696 torum,
331 1641 413 1702 dequo
424 1642 532 1690 videndus
543 1649 578 1688 est
589 1641 637 1689 Dio
654 1639 748 1690 Cassius
759 1640 882 1688 XLVIII.
899 1643 940 1689 si.
955 1641 1042 1689 habitus
1058 1647 1094 1687 est
1109 1646 1231 1686 auctumno
1249 1635 1310 1682 anni
1325 1632 1359 1680 U.
1371 1631 1401 1680 C.

237 1707 293 1753 717.
309 1704 437 1762 Brundusii,
457 1723 501 1768 quo
520 1707 602 1754 missus
621 1713 655 1754 est
673 1707 701 1752 ab
712 1706 819 1768 Augusto
831 1705 957 1755 Maecenas
991 1705 1046 1752 Hoc
1062 1705 1131 1766 Igitur
1148 1705 1190 1749 iter
1209 1700 1340 1754 Horatius,
1361 1697 1400 1758 qui

236 1785 289 1818 cum
300 1769 382 1820 aliisiu
399 1772 516 1820 comitibus
536 1770 669 1822 Maecenatis
679 1771 752 1826 luit,
741 1787 822 1833 Jocose
840 1772 951 1819 describit.
983 1770 1104 1816 Materiam
1125 1766 1210 1814 ridendi
1224 1765 1323 1841 praebet
1343 1776 1400 1808 con-

236 1835 325 1881 scensio
341 1836 432 1898 navigii,
451 1837 594 1899 magistratus
613 1834 742 1892 Fundanus,
754 1836 849 1882 duorum
866 1850 991 1884 scurrarum
1002 1833 1146 1888 concertatio,
1163 1829 1248 1880 assatio
1260 1840 1397 1877 insciorum

238 1899 361 1956 turdorum,
373 1908 397 1948 et
406 1901 456 1949 aba.

334 2051 520 2119 Ecriussum
533 2023 649 2144 magnii
661 2079 713 2120 me
726 2054 850 2142 excepit
864 2055 973 2120 Aricia
988 2033 1093 2120 Romi

331 2160 484 2248 Hospitio
498 2166 640 2244 modico;
663 2166 786 2230 Rhetor
800 2187 904 2229 comes
920 2151 1126 2242 Heliodorus,
1147 2160 1150 2168 ’

334 2271 521 2338 Graecorum
536 2275 653 2362 liuguae
666 2275 885 2340 doctissimus:
909 2275 983 2339 inde
999 2270 1118 2340 Forum
1133 2273 1233 2360 Appi,
1272 2323 1282 2366 .-

329 2382 502 2449 Differtum
515 2385 628 2464 nautis,
644 2385 838 2470 cauponibus
853 2398 946 2507 atque
960 2384 1116 2472 malignis.

267 2503 287 2560 ii
332 2493 429 2558 Hoc
421 2506 480 2559 iter
494 2494 598 2582 ignavi
610 2494 782 2572 divisimus,
798 2471 889 2559 altiiis
903 2517 941 2562 ac
954 2517 1013 2560 nos

330 2605 513 2669 PraecInctis
527 2627 645 2669 unum.
672 2581 776 2669 minus
790 2614 839 2668 est
851 2604 955 2691 gravis
970 2605 1077 2691 Appia
1090 2604 1198 2670 tardis.

332 2685 398 2779 Hic
412 2737 481 2801 ego,
496 2727 626 2798 propter
639 2737 763 2802 aquam,
779 2693 866 2802 quod
879 2725 948 2779 erat
960 2714 1129 2794 teterrima,
1145 2716 1247 2782 ventri

329 2823 441 2888 Iudico
454 2822 582 2902 bellum,
597 2837 756 2894 coensntes
770 2825 857 2891 baud
870 2825 976 2893 animo
989 2847 1082 2912 aequo

329 2934 526 3021 Exspectans
541 2936 679 3000 comites.
721 2937 794 3002 Iam
808 2959 874 3002 nox
887 2936 1037 3002 inducere
1051 2935 1142 3001 terris

204 3119 809 3196 ImcepithmllnmwwddetBentlnonmale
919 3122 1386 3184 sunguaeeiiamcaicms.eezar..ii.

231 3185 308 3249 longe.
376 3187 393 3231 ἰ
409 3183 523 3232 teterrima
532 3185 601 3232 etiam
616 3187 644 3234 G.
653 3194 675 3234 et
684 3189 735 3234 edil.
741 3189 833 3249 mima.
844 3188 920 3235 Beati.
930 3189 969 3234 seii
985 3188 1039 3235 Ven.
1053 3187 1118 3236 cnr.
1128 3188 1213 3236 Mml.
1223 3189 1352 3237 deterrime.

235 3339 281 3386 ιιι
297 3336 428 3387 Iuvenalis·
446 3338 520 3386 Stnlta
535 3347 568 3387 est
582 3340 705 3397 elementia
720 3357 775 3390 ciem
805 3342 833 3388 iis
843 3341 881 3403 qui
897 3340 1020 3402 maligne
1013 3356 1059 3388 ae.
1069 3356 1137 3404 parce
1155 3343 1221 3389 nimis
1237 3358 1279 3406 pio
1296 3344 1384 3392 ratione

199 3404 324 3466 totisliqile
339 3403 430 3450 Vatibus
439 3417 551 3460 seminas,
565 3407 775 3467 ponlnreeparcere
807 3407 922 3461 mercedis,
935 3407 1035 3483 praebept
1046 3407 1178 3454 necessaria.

200 3469 292 3516 maia
840 3474 855 3517 5
873 3472 993 3526 Hociter
1010 3486 1025 3518 ι
1036 3471 1382 3536 eAlienbeiisqiecailForiim

239 3533 312 3580 Veluti
321 3532 413 3586 Julian,
436 3529 511 3581 Judoei
528 3533 583 3578 nihii
593 3533 775 3590 intermittebant,
808 3535 879 3596 Amat
888 3535 954 3583 biilim
965 3537 1074 3583 venimus
1126 3559 1129 3568 v

200 3595 365 3644 adficiendum
376 3597 530 3658 proselytum
557 3597 603 3643 imo
615 3599 775 3660 cogebantaii-
840 3601 917 3646 Allius
929 3601 1280 3660 preemngelanturstrenuiores,
1302 3601 1381 3649 remis-

199 3661 296 3724 quando,
307 3661 429 3709 dummodo
434 3663 498 3724 justa
509 3662 596 3709 occasIo
606 3671 658 3711 nata
667 3663 734 3711 soret.
807 3665 985 3711 sioresdeinissis
995 3665 1076 3711 tunicis
1084 3665 1222 3712 incedebant.

839 3732 854 3776 6
872 3730 954 3776 Minus
962 3730 1053 3788 gmoebf
1070 3730 1125 3791 qnia
1135 3729 1380 3794 limandumque»

354 3820 356 3825 ·
806 3801 876 3848 latur,
887 3794 927 3841 isli
940 3801 1037 3854 possunt
1051 3809 1145 3841 manere
1154 3810 1289 3858 miscuitque
1303 3809 1382 3858 perve-

426 3852 498 3903 SAT.
521 3853 552 3903 V.
805 3859 889 3905 nenne

791 3927 854 3972 7
871 3925 906 3970 Pr
906 3931 1078 3985 cimici-aquam
1096 3924 1198 3970 Hodie'
1189 3939 1215 3970 in
1232 3925 1293 3972 Foro
1311 3923 1381 3986 Appii

235 3985 248 4030 l
266 3981 386 4031 Lucillum
403 3983 446 4030 lae
465 3986 547 4045 Sclym
557 3985 681 4033 oemnbatiei·
696 3987 774 4034 Hm·
805 3989 897 4034 viatores
909 3996 1171 4050 monumentumque
1179 3989 1209 4036 ili
1218 3991 1332 4037 mesina
1342 3994 1379 4042 eil

199 4048 246 4096 lius
262 4049 304 4094 iter
317 4061 388 4095 nium
404 4063 419 4093 α
420 4039 507 4094 Roma
524 4063 596 4111 iisqne
611 4052 775 4098 Bmenilnse'iem
805 4067 898 4099 nianeie
909 4054 988 4100 ιιιαιιι.

199 4113 328 4167 describere,
343 4113 403 4174 quod
421 4119 442 4159 et
459 4113 522 4159 ille
513 4128 539 4160 in
556 4115 619 4160 tenio
635 4115 689 4162 libro
698 4116 773 4179 seni,
844 4117 1099 4174 Venitrii'ndicolelliem,
1110 4116 1379 4165 ProverbiaIisElocutic.

201 4177 311 4224 Primum
323 4191 338 4221 α
350 4178 425 4223 Roma
437 4177 542 4236 Capacum
556 4193 634 4241 iisqne,
645 4187 666 4226 el
676 4182 729 4226 inde
743 4183 775 4244 cil
806 4171 929 4228 Denuncio
945 4182 1018 4230 ventri
1034 4182 1136 4238 inediam,
1151 4183 1174 4229 h.
1184 4198 1205 4230 e.
1216 4197 1261 4229 uon
1272 4197 1347 4228 coeno.

189 4239 285 4304 sectum
295 4241 412 4288 Siciliense.
768 4250 780 4282 “-
838 4247 894 4294 Jam
904 4262 948 4293 itae
961 4247 1083 4305 ιιιιιιιιιιις
1107 4248 1205 4296 suaviter
1221 4247 1305 4295 deridet
1316 4243 1380 4312 Epist

233 4304 379 4364 illalignas
403 4314 479 4369 aptum
503 4308 639 4370 cauponibus
661 4308 799 4370 epitheton
798 4307 920 4360 Carminis
932 4310 1064 4372 Scriptores
