2954 5022
399 295 745 370 EPISTOLARUM
769 301 845 376 Lus,
868 303 894 368 1.
920 313 967 370 16.

220 471 369 538 Mordeer
384 471 563 561 opprobriis
578 471 662 538 salsis
678 484 859 561 mutemque
873 473 1018 546 colores?

219 583 324 648 Falsus
339 584 443 650 houor
454 585 553 671 juvat,
569 597 601 650 et
615 583 754 656 mendax
768 585 896 654 infamia
911 599 1017 665 terret,

142 700 178 757 40
217 693 330 773 Quem,
345 695 407 758 uisi
420 694 607 760 mendosum
623 705 655 760 et
669 694 913 762 medicandum?
929 697 987 764 Vir
1002 693 1104 762 bonus
1119 707 1166 760 est
1180 697 1269 783 quis?

214 804 278 880 Qui
292 805 438 870 consulto
451 819 588 890 patrum,
606 805 660 892 qui
675 805 761 892 leges
771 807 908 894 juraque
923 819 1045 883 servat3

214 914 287 990 Quo
301 915 412 980 multae
426 937 613 1002 magnaeque
628 917 891 1002 secanturjudice
905 917 992 993 lites;

213 1025 286 1102 Quo
300 1049 352 1092 res
366 1047 519 1113 sponsore
534 1039 566 1090 ot
579 1048 645 1113 quo
658 1048 762 1091 cuusae
777 1040 856 1093 teste
871 1041 1027 1094 tenentur.

213 1136 274 1201 Sed
290 1137 376 1202 videt
389 1137 475 1201 hunc
489 1135 593 1200 omnis
607 1134 721 1202 domus
736 1150 768 1202 et
782 1137 895 1204 vicinia
909 1150 976 1204 tota

135 1252 170 1308 45
210 1226 371 1312 Introrsus
383 1261 522 1332 turpem,
539 1245 716 1330 speciosum
731 1247 813 1332 pelle
828 1227 952 1314 decori.

45 1354 135 1414 servu
190 1343 277 1422 “Nec
290 1358 412 1423 furtum
427 1358 495 1435 feci,
512 1379 571 1420 nec
586 1354 652 1442 fugi
660 1341 681 1431 ξ’
694 1359 720 1418 si
736 1355 813 1420 mihi
827 1357 911 1422 dicat

55 1462 117 1524 bfo:
213 1466 329 1532 Servus
342 1447 488 1532 :I'Habes
502 1465 650 1551 pretium,
666 1464 742 1530 loris
757 1489 822 1534 nou
838 1446 1024 1546 ureris,''nio.

37 1581 163 1644 samnis.-
208 1555 319 1653 tiuNon
336 1578 495 1642 bominem
512 1559 631 1641 occidis¹
667 1555 782 1651 ti‘Non
796 1599 906 1661 pasces
921 1577 953 1642 in
969 1600 1062 1644 cruce
1076 1565 1207 1660 corvos?

40 1692 101 1749 serv,-
208 1674 333 1763 tt‘'Sum
348 1689 461 1766 bonus,
478 1703 510 1752 et
524 1676 636 1774 frugi.”
660 1692 684 1763 tl
702 1687 821 1752 Reuuit
835 1688 1015 1776 negitatque
1032 1689 1196 1756 Sabellus:

130 1809 167 1864 50
208 1798 328 1863 Cautus
343 1798 427 1861 enim
442 1797 555 1862 metuit
569 1798 691 1863 foveam
705 1798 810 1882 lupus,
826 1799 1036 1886 accipiterque

206 1911 375 1993 Suspectus
390 1907 529 1994 laqueos,
546 1920 578 1972 et
592 1920 737 1993 opertum
754 1906 868 1974 miliius
883 1908 1022 1976 humum.

206 2020 355 2085 Oderunt
368 2039 500 2104 peccare
515 2017 600 2096 boni,
618 2018 739 2082 virtutis
753 2040 861 2084 amore
869 2041 878 2095 ;

205 2129 257 2194 Tu
272 2129 352 2193 nihil
366 2129 512 2194 admittes
526 2129 559 2192 in
575 2141 616 2207 te,
633 2129 799 2194 formidine
815 2150 935 2212 poenae:

207 2239 254 2304 sit
268 2259 341 2324 spes
356 2237 494 2315 fallendi,
512 2237 656 2306 miscebis
671 2261 760 2303 sacra
773 2237 930 2323 profanis:

132 2355 167 2413 55
208 2348 291 2412 Nam
306 2347 347 2411 de
362 2347 446 2410 mille
461 2347 542 2411 fabae
558 2347 670 2413 modiis
686 2335 758 2412 crim
774 2348 905 2434 surripis
920 2371 1029 2428 uuum,

202 2457 366 2524 Damnum
381 2471 438 2536 est,
454 2479 518 2522 non
534 2457 664 2536 facinus,
678 2458 754 2524 mihi
769 2472 862 2543 puoto
876 2445 977 2529 lenius
993 2462 1062 2526 isto.

200 2563 259 2632 Vir
273 2569 387 2645 bonus,
403 2589 497 2632 omne
512 2567 615 2632 furum
631 2591 726 2656 quern
741 2582 861 2654 spectat
875 2581 906 2633 et
921 2592 1014 2634 omne
1030 2571 1176 2649 tribunal,

201 2678 466 2764 Quandocunque
482 2678 572 2743 Deos
588 2678 636 2742 vel
651 2701 749 2764 porco
763 2678 813 2742 vel
829 2679 908 2742 bove
922 2679 1036 2764 placat,

182 2761 277 2853 “June
292 2773 401 2874 pater?
408 2779 502 2868 clari,
518 2775 601 2856 clare
616 2777 688 2852 edm
704 2775 952 2875 dixit,“Apollo,’'

85 3041 111 3085 4⁰
125 3041 270 3090 medicandum
278 3044 438 3103 probatorium
448 3044 561 3092 uentu.
575 3045 636 3092 Cum
647 3045 730 3091 mnu.
811 3047 842 3092 45
860 3043 975 3093 Introrsus
986 3045 1097 3092 Brutter
1107 3048 1170 3093 codd.
1180 3057 1253 3097 recte:

109 3121 158 3152 nom
167 3109 225 3168 orrtg.
236 3108 360 3154 introrsum
377 3107 444 3170 efficit
459 3123 541 3156 sotrum
556 3109 682 3168 ingratum.
708 3110 737 3156 Z.
836 3111 867 3157 46
884 3111 937 3157 dicit
944 3118 995 3170 post
1006 3111 1059 3158 ulios
1070 3113 1148 3158 Bentl.
1157 3121 1179 3159 et
1192 3117 1253 3162 Cum

109 3171 136 3216 te
151 3173 277 3233 negitatque
286 3188 312 3218 ee
327 3173 395 3220 MSS.
412 3174 481 3233 Cruq.
497 3174 575 3220 nent
589 3176 651 3220 Cun.
685 3173 801 3234 renuitque
821 3176 848 3220 Z.
855 3174 909 3238 fuit
918 3175 984 3239 sorte
1002 3175 1118 3237 renuitque
1133 3192 1192 3240 nega
1218 3195 1253 3226 ue.

109 3237 134 3282 51
152 3235 271 3298 Suspectus
282 3239 334 3284 cm.
413 3241 444 3284 55
462 3252 529 3284 unam
541 3236 599 3299 corp'.
611 3240 672 3285 Cuu.
767 3241 799 3285 56
817 3238 862 3286 Est
873 3240 979 3287 damnum
988 3239 1060 3288 levius
1071 3241 1133 3297 mihi,
1142 3257 1189 3290 non
1235 3244 1254 3290 i-

108 3314 144 3346 uus
153 3308 240 3348 tumen:
259 3309 309 3349 esto
326 3302 434 3350 Lunrbin.
446 3316 472 3348 ec
482 3301 592 3350 Accursr'o
604 3304 706 3350 Fluunt.

107 3519 132 3563 4⁰
147 3517 311 3566 Medicandum
316 3533 326 3574 ,⁰
337 3519 360 3565 h.
368 3534 388 3564 e.
397 3533 554 3565 muranum:
573 3531 643 3580 egen·
707 3518 821 3564 Sabellus:
842 3517 953 3565 Horatius
965 3517 1067 3566 Sebiuus.

84 3586 118 3627 tun
128 3584 208 3630 scilieet
219 3583 352 3630 Hellebore.
706 3585 735 3628 51
756 3581 845 3629 Piscem
862 3583 959 3630 mitorum
974 3583 1011 3630 hic
1028 3598 1087 3640 erse,
1104 3585 1183 3634 hamus
1202 3601 1252 3634 rno-

111 3647 143 3694 m
154 3649 225 3696 bouus
240 3655 273 3694 est
287 3649 355 3709 quim·
372 3646 485 3710 SubJeetio
496 3661 531 3695 est
543 3646 641 3702 Horatii,
674 3661 727 3692 nere
737 3655 832 3708 poterat.

81 3712 460 3776 crrivulgussuomorerespondet.
705 3714 737 3758 tu
755 3709 872 3773 Cogitavit
893 3712 922 3759 de
944 3711 1033 3759 Biantis
1063 3713 1130 3768 dieto,
1153 3713 1189 3765 nt
1213 3711 1250 3761 >ui

105 3779 131 3824 tt
146 3780 273 3833 Secuntur-5
290 3777 432 3823 dirimuntur.
671 3775 742 3836 pium,
766 3775 834 3822 ἁλλὰ
849 3773 886 3822 tut
908 3775 934 3823 si
957 3773 1007 3832 iios,
1030 3775 1164 3840 erip-gressa
1177 3778 1249 3844 χςιῦι

105 3843 130 3889 tu
145 3842 289 3904 Pamphrssis
305 3842 407 3902 quaedam
419 3841 565 3888 essevidetur
574 3839 639 3887 Pers.
672 3841 853 3906 ἁμαρτημάτων,

79 3906 138 3954 trs.
168 3907 380 3966 Murcospmrdente
391 3921 481 3953 renuas
498 3907 592 3953 ereum
613 3913 641 3951 tu
704 3907 737 3951 ut
754 3906 865 3960 Follendi,
877 3904 968 3953 latendi.

79 3971 188 4019 nummus?
206 3972 288 4019 Marco
299 3970 423 4033 subjudice
429 3969 523 4032 pullos?
544 3971 641 4016 Marcus
705 3971 807 4016 Meretri
828 3985 893 4016 sacra
908 3970 1018 4034 proflmrs,
1040 3969 1183 4020 Proverbiule
1201 3973 1251 4020 dicu

79 4035 135 4092 dirit5
148 4038 178 4084 r'tu
189 4044 228 4083 est.
671 4041 720 4080 tum
737 4042 772 4081 est
783 4035 856 4081 dehis
867 4034 904 4095 qui
916 4035 1002 4095 quaevis
1012 4035 1096 4084 seelera
1105 4051 1147 4098 pro
1162 4037 1249 4084 levibus

106 4102 220 4156 Tenentur,
232 4100 370 4147 obtinentur.
671 4099 760 4145 habent.
1011 4103 1016 4112 “

104 4166 130 4210 u
143 4167 240 4220 Domus,
252 4163 369 4211 domestici
380 4163 423 4209 sui.
703 4167 734 4210 56
751 4163 878 4210 Damnum
895 4171 934 4218 est,
952 4178 1000 4210 non
1012 4163 1128 4226 facium
1145 4165 1200 4213 Hoc
1211 4182 1248 4228 se-

104 4231 129 4275 4⁵
144 4231 203 4277 Pelle
223 4231 321 4286 decora5
337 4230 353 4275 i.
371 4243 392 4274 e.
414 4229 553 4276 solummodo
565 4227 638 4292 samu
670 4230 775 4275 erendum
789 4229 877 4282 διοίσω,
893 4229 947 4289 quio
960 4229 1029 4288 pario
1044 4228 1124 4276 dicunt
1138 4245 1184 4278 esse
1194 4247 1250 4292 pec·

79 4292 153 4350 imum,
163 4295 305 4342 simulatione
314 4295 435 4340 uirtutum.
672 4301 730 4339 cota.

104 4361 129 4405 tu
143 4362 227 4415 Bonus,
239 4367 260 4406 et
267 4359 357 4422 frugi5
373 4359 470 4418 probus:
490 4371 562 4418 neque
578 4358 637 4403 enim
704 4358 770 4413 Mlti,
783 4371 832 4404 meu
844 4356 954 4404 sententie
964 4356 1088 4418 erjudieio.

80 4423 162 4485 utrum
178 4426 213 4472 vel
225 4441 277 4486 quae
288 4433 327 4472 tua
339 4430 392 4470 sunt
402 4421 498 4469 luxuriae
509 4422 606 4470 insumo.
