2954 5022
162 308 224 365 312
516 298 558 374 Q.
583 297 790 364 HORATII
813 293 985 362 FLACCI

292 469 405 534 Iliacos
420 467 503 532 intra
516 491 623 532 muros
638 485 785 553 peccatur
799 479 831 532 et
845 479 945 532 extra.

291 580 426 657 Rursus,
441 578 518 666 quid
532 579 633 642 virtus
649 591 680 642 et
694 578 770 666 quid
785 579 937 664 sapientia
951 578 1061 663 possit,

294 688 381 754 Utile
396 689 561 774 proposuit
574 687 665 752 nobis
680 689 841 773 exemplar
858 689 1025 774 Ulyssem;

294 800 362 877 Qui
376 777 514 864 domitor
529 798 648 884 Trojae,
663 798 834 863 multorum
848 797 998 883 providus
1014 798 1107 862 urbes

207 919 249 976 20
293 911 337 975 Et
351 933 454 976 mores
471 909 635 973 hominum
651 908 805 993 inspexit;
826 907 988 994 latumque
1002 930 1060 993 per
1074 929 1197 994 aequor,

290 1020 380 1086 Dum
395 1021 463 1098 sibi,
480 1020 557 1084 dum
568 1020 664 1084 sociis
679 1020 816 1084 reditum
830 1031 930 1104 parat,
947 1041 1058 1105 aspera
1072 1020 1172 1084 multa

296 1130 441 1208 Pertulit,
457 1130 595 1194 adversis
609 1153 714 1194 rerum
729 1129 947 1194 immersabilis
962 1131 1065 1194 undis.

299 1220 445 1306 Sireniim
460 1263 552 1303 voces
567 1252 599 1303 et
616 1239 718 1303 Circae
733 1239 847 1324 pocula
862 1222 964 1318 niisti3

295 1349 379 1425 Quae
394 1350 506 1413 sicum
523 1349 614 1413 sociis
629 1350 740 1413 stultus
756 1349 950 1437 cupidusque
965 1350 1103 1428 bibisset,

164 1474 167 1479 ·
207 1467 247 1524 25
294 1460 361 1524 Sub
376 1448 504 1524 domini
519 1459 681 1524 meretrice
696 1459 805 1524 fuisset
819 1461 920 1544 turpis
935 1471 966 1524 et
981 1481 1104 1537 excors,

294 1569 435 1634 Vixisset
449 1570 534 1634 canis
549 1569 741 1648 immundus,
757 1569 804 1633 vel
821 1571 922 1634 amica
936 1569 1002 1633 luto
1017 1591 1079 1632 sus.

296 1679 365 1744 Nos
379 1702 530 1744 numerus
546 1701 663 1757 sumus,
680 1692 711 1743 et
724 1679 831 1766 fruges
846 1700 1030 1742 consumere
1044 1677 1121 1755 natI,

298 1790 414 1874 Sponsi
430 1790 610 1874 Penelopae,
626 1789 809 1867 nebuloneS,
827 1788 1016 1875 Alcinoique

296 1898 336 1963 In
351 1912 423 1963 cute
438 1889 578 1963 curandi
592 1899 662 1983 plus
678 1921 769 1984 aequo
784 1912 913 1983 operata
922 1901 1090 1984 juventus3
1130 1947 1134 1956 .

208 2019 249 2074 30
294 2009 356 2075 Oui
370 2009 538 2095 pulchrum
553 2009 611 2072 fuit
624 2010 658 2070 in
674 2009 793 2072 medios
808 2009 946 2073 dormire
961 2008 1038 2085 dies,
1054 2019 1086 2071 et
1140 2046 1143 2051 -

294 2119 348 2184 Ad
364 2120 529 2204 strepitum
545 2118 673 2182 citharae
688 2131 843 2182 cessatum
857 2119 973 2183 ducere
988 2139 1106 2181 curam.

295 2228 343 2293 Ut
352 2229 499 2315 jugulent
512 2227 684 2306 hominem,
700 2241 833 2315 surgunt
848 2229 887 2293 de
902 2240 994 2292 nocte
1008 2227 1145 2291 latrones
1153 2250 1163 2304 ;

294 2337 342 2403 Ut
356 2339 490 2423 teipsum
505 2361 619 2414 serves,
635 2360 699 2401 non
714 2337 965 2425 expergisceris?
987 2341 1074 2426 atqui

295 2448 329 2512 Si
344 2449 432 2513 noles
447 2471 552 2526 sanus,
568 2469 675 2512 curres
690 2447 898 2534 hydropicus:
922 2462 954 2514 et
968 2449 1001 2512 ni

211 2569 251 2626 35
297 2559 414 2623 Posces
429 2572 500 2623 ante
515 2558 599 2622 diem
613 2556 729 2621 librum
741 2580 812 2622 curn
827 2557 956 2638 lumine,
979 2560 1084 2623 sinon

294 2669 443 2734 Intendes
455 2669 594 2733 animum
609 2667 719 2731 studiis
734 2679 766 2732 et
780 2668 873 2732 rebus
888 2667 1027 2733 honestis
1035 2692 1045 2746 ;

295 2770 419 2844 Invidi'ai
433 2779 484 2843 vel
497 2801 603 2842 amore
618 2778 693 2864 vigil
707 2778 903 2864 torquebere.
948 2779 1032 2844 Nam
1047 2801 1114 2859 cur,

168 2972 198 3015 17
215 2967 485 3025 Rursusomaerpraeter
494 2981 572 3012 unum
580 2965 718 3012 Muraena.
785 2969 813 3012 18
833 2965 934 3026 Ulyxem
948 2968 1002 3013 Vera.
1015 2966 1100 3013 Ulixen
1109 2967 1187 3013 Bentl.
1251 2971 1283 3016 23
1301 2968 1358 3019 Cir.

200 3049 245 3086 ces,
258 3041 279 3078 et
293 3047 344 3078 ator
356 3031 481 3091 Penelopes
505 3031 558 3076 Vera
576 3031 638 3078 Gur.
657 3030 721 3078 novit
737 3030 801 3076 Med.
820 3032 890 3078 1477.
954 3034 982 3078 81
1003 3039 1114 3078 cessatum
1129 3046 1213 3085 manes,
1231 3034 1276 3079 ruisi
1292 3037 1357 3096 quod

199 3103 327 3143 cessantum
346 3097 410 3142 Flor.
430 3097 498 3141 1482.
512 3097 573 3156 quod
584 3095 708 3141 Laudinus
722 3096 794 3140 reddit
811 3095 942 3142 otiosorum.
953 3096 1049 3141 cessanti
1060 3095 1118 3156 conj.
1131 3098 1190 3143 Cun.
1203 3093 1229 3159 [†
1242 3106 1354 3146 cessatam

199 3157 384 3222 conisterliger]
460 3162 556 3206 32-63
574 3168 626 3219 port
645 3160 719 3217 ΕΜ.
741 3162 761 3204 1.
779 3161 819 3205 51.
838 3160 938 3206 collocari
956 3161 1003 3206 aab
1019 3161 1068 3206 Du.
1086 3161 1167 3207 Helm.
1231 3165 1262 3208 32
1279 3164 1356 3208 homi-

199 3241 254 3272 num
272 3226 349 3271 Bentl.
365 3238 391 3268 ea
405 3224 510 3282 plumbus
526 3224 595 3270 MSS.
613 3231 635 3270 et
652 3225 748 3269 eruatur
766 3224 797 3269 tic
811 3225 928 3283 ingratum
949 3225 1149 3271 Homoeoteleuton.
1213 3225 1355 3273 31110118-

190 3282 264 3336 'cures
279 3290 357 3348 plures
376 3289 445 3334 MSS.
464 3289 607 3334 euresetiam
623 3289 779 3347 primaecditt.
811 3288 1100 3347 &annalistam
1118 3289 1209 3336 Lumbi.
1231 3291 1270 3336 Ea
1287 3291 1356 3348 nolis,

199 3369 246 3400 non
258 3354 277 3400 is
288 3351 346 3413 corp.
356 3353 407 3398 Da.
417 3353 499 3399 Heinr.

202 3495 231 3538 17
249 3489 520 3551 Rurars‚in0dysseide.
811 3492 882 3550 Caper
896 3493 1066 3539 &amauricus
1082 3500 1210 3540 auctorest
1226 3494 1356 3542 Horatium

202 3560 231 3602 19
247 3556 361 3614 Domuor,
379 3557 401 3601 h.
421 3571 440 3601 e.
456 3562 575 3616 postquam
594 3560 654 3600 esset
671 3554 743 3600 domi-
775 3569 861 3614 temper
871 3558 948 3603 diruta
960 3559 1033 3604 Circa.

168 3629 212 3668 tor.
807 3623 839 3666 28
857 3623 951 3680 &maor
962 3623 1015 3668 dicit
1025 3637 1113 3683 procos.
1138 3649 1142 3654 -

200 3686 331 3732 Multorum
358 3685 467 3744 prouidus
496 3683 581 3729 urbes:
626 3684 743 3730 Homerus
808 3684 899 3730 Alcinoi
911 3685 1033 3733 Phaeacum
1045 3687 1104 3747 regis
1116 3686 1166 3732 aula
1176 3686 1207 3732 ita
1223 3685 1357 3736 deseribimr

169 3747 336 3816 (Odyss.pr.):
357 3748 454 3795 Πολλόν
464 3743 483 3792 δ’
493 3745 662 3811 ἀνθςάτανῖὶιν
673 3747 745 3795 ἄστεα
777 3749 804 3793 ab
817 3745 927 3804 Homero,
948 3759 972 3796 ut
991 3751 1045 3796 nihil
1065 3751 1146 3796 serium
1163 3751 1192 3796 ibi
1207 3752 1297 3812 egerint
1313 3753 1356 3800 bo-

167 3815 207 3862 nai
230 3813 270 3860 rior
288 3813 351 3874 ipra.
383 3814 421 3860 Sic
439 3813 463 3858 in
481 3811 539 3858 Arte
560 3811 668 3867 Poetica3
700 3815 745 3866 Qui
777 3813 854 3868 mines,
867 3815 906 3860 sed
916 3816 941 3860 in
951 3831 1036 3861 mensae
1050 3823 1073 3860 et
1088 3815 1192 3860 ludorum
1203 3815 1358 3878 voluptatibus

166 3880 367 3927 mor-erminum
377 3877 681 3926 mtdtmumoidrteturbes.
765 3880 1123 3939 ·tempusornneconsumserint.

199 3948 230 3992 21
249 3944 354 4003 Aprem
373 3944 456 4004 gravia,
469 3941 532 3987 dura.
809 3946 841 3990 29
860 3943 962 4003 Θριναια,
974 3959 1064 4006 operam
1074 3945 1198 3990 insument.

199 4011 231 4056 22
248 4007 413 4060 ΙΜΜεαΙπῖὶς,
443 4007 466 4052 in
494 4005 568 4051 animo
592 4005 668 4051 habuit
689 4005 744 4052 illud
808 4009 836 4053 31
859 4011 981 4056 Cessatum
1025 4007 1049 4053 Si
1080 4023 1124 4068 qua
1149 4023 1203 4054 cura
1227 4010 1251 4054 in
1278 4012 1357 4059 animo

169 4074 261 4121 Pindari
285 4070 366 4135 [Pyth.
392 4075 416 4119 2.
443 4069 508 4134 ltu]
535 4069 678 4124 oissdaertnis
701 4071 744 4130 ιὶμι
777 4070 835 4118 forte
847 4073 965 4128 oboriatur,
977 4073 1038 4118 illurn
1049 4081 1160 4118 cessatam
1172 4074 1305 4121 damantad
1323 4078 1357 4123 ci-

170 4137 251 4200 φιλλόε
268 4137 304 4190 air·
777 4137 848 4182 tltaroe
858 4138 982 4199 strepitum,
994 4138 1009 4184 i.
1016 4154 1036 4184 e.
1047 4138 1115 4183 cantu
1126 4137 1164 4183 illo
1175 4145 1197 4182 et
1206 4139 1358 4188 oblectatione

199 4206 231 4249 23
253 4204 324 4256 Vocet,
334 4208 420 4248 cantus.
438 4200 526 4247 Sirenes
535 4207 670 4247 monstrosae
682 4207 746 4246 erant
778 4201 874 4262 sopitum
887 4210 948 4248 eunt.

166 4267 276 4321 volueras,
290 4273 315 4312 ut
323 4274 346 4312 et
358 4265 474 4328 Harpyiae,
484 4265 542 4312 etad
552 4265 667 4327 illogicam
676 4265 745 4326 perti·
809 4268 841 4312 31
860 4270 948 4321 Curres,
962 4267 1095 4328 properabis.

167 4331 258 4377 nebant.
289 4330 405 4380 Dicuntur
427 4338 502 4379 autem
525 4331 619 4393 Σειρῆνες
641 4329 752 4392 attrei„
810 4333 842 4378 37
865 4329 1259 4396 Vfflqmanoupotensdormire.

168 4401 255 4443 catena.
