2972 5020
418 289 692 360 SERMONUM
717 287 793 356 Lm.
818 286 926 358 Isto?
1202 298 1264 360 247

28 475 104 544 bna.
128 477 167 534 25
210 475 232 545 tt
246 445 327 532 Crim
342 487 452 532 versus
467 466 581 541 facias3
603 465 739 562 teipsum
753 474 934 552 percontor,
950 483 990 526 an
1006 469 1038 524 et
1052 443 1124 525 oiim

211 578 300 642 Dara
314 577 373 642 tibi
386 575 570 665 peragenda
583 576 629 640 rei
640 575 681 640 sit
694 597 789 639 causa
801 573 919 651 Petilli,

211 687 333 754 Scilicet
347 687 463 752 oblitus
477 687 651 773 patriaeque
665 687 825 772 patrisque
842 682 959 762 Latini,

213 783 292 864 Ctim
309 797 428 862 Pedius
442 799 552 862 causas
566 797 700 862 exsudet
715 795 890 873 Publicola,
906 791 1000 882 atque

208 907 375 986 Corvinus,
390 907 500 994 patriis
515 908 729 973 intermiscere
743 907 842 994 petita

27 1109 28 1112 Ἴ
127 1029 166 1084 80
209 1019 314 1084 Verba
329 1018 404 1083 soris
418 1018 520 1097 malis,
538 1017 691 1083 Canusini
706 1040 795 1083 more
809 1018 985 1108 bilinguis?

212 1129 317 1216 Atque
332 1153 393 1216 ego
407 1106 479 1194 cuin
496 1129 629 1195 Graecos
643 1127 788 1208 facerem,
804 1144 897 1194 natus
912 1152 999 1196 mare
1013 1131 1101 1209 citra,

209 1239 409 1316 Versiculos3
430 1239 530 1304 vetuit
544 1261 595 1303 me
610 1238 665 1303 tali
680 1260 755 1303 voce
771 1238 938 1318 Quirinus,

211 1351 288 1415 Post
301 1348 438 1414 mediam
453 1361 579 1414 noctem
590 1349 684 1426 visua,
700 1327 773 1412 crim
788 1350 910 1414 somnia
923 1372 1016 1417 vera:

190 1437 251 1524 “In
265 1458 377 1525 silvam
391 1482 456 1524 non
471 1459 558 1547 ligna
572 1459 652 1524 feras
668 1447 817 1537 insanitis,
833 1456 873 1524 ac'
886 1461 912 1524 si

130 1582 165 1640 35
188 1553 346 1660 “Magnas
363 1572 558 1661 Graecorum
568 1569 804 1655 malis'implere
818 1552 983 1637 catervas„

207 1682 240 1747 T
241 1681 371 1770 urgidus
387 1681 523 1767 'Alpinus
533 1680 659 1768 jugulat
669 1679 747 1744 dum
763 1677 952 1761 Memnona,
964 1683 1103 1771 dumque
1129 1677 1131 1682 ’

207 1793 357 1880 Diffingit
373 1793 479 1857 Rheni
493 1792 613 1856 luteum
627 1801 740 1876 caput3
765 1791 835 1856 haec
849 1815 910 1880 ego
924 1793 1011 1872 ludo,

209 1902 294 1980 Quae
308 1925 369 1968 nec
383 1903 416 1966 in
432 1901 518 1968 AEde
529 1916 643 1968 sonent
657 1902 807 1967 certantia
816 1900 923 1988 judice
939 1887 1058 1990 Tarpii,

208 2015 278 2078 Nec
288 2013 422 2078 redeant
434 1994 548 2078 iterdm
563 2029 658 2099 atque
668 1995 782 2077 iterium
797 2014 968 2099 spectanda
982 2015 1119 2082 theatris.

130 2133 166 2188 40
207 2109 334 2211 Argutis
348 2124 511 2188 meretrice
525 2135 627 2209 potes,
643 2123 799 2210 Davoque
817 2124 987 2190 Chremeta

209 2234 369 2300 Eludente
380 2256 497 2312 senem,
511 2234 608 2298 comis
622 2233 743 2321 garrire
750 2233 876 2320 'libellos

211 2345 307 2410 Unus
321 2345 475 2423 vivorum,
493 2342 658 2409 Fundani:
683 2343 786 2408 Pollio
800 2367 913 2434 regum

208 2456 306 2520 Facta
320 2456 414 2534 canit,
430 2453 511 2540 pede
527 2466 576 2519 ter
587 2476 755 2540 percusso:
779 2457 860 2522 forte
875 2480 951 2544 epos
967 2480 1049 2537 acer,

26 1671 28 1718 l

98 2671 123 2715 tt
137 2668 217 2716 Oblitus
227 2670 311 2731 assyria
328 2671 405 2716 Beatl.
437 2667 514 2715 latini
528 2667 557 2716 G.
567 2676 587 2715 et
599 2682 676 2714 omnes
686 2675 739 2715 ame
751 2669 843 2717 Lumbi.
934 2673 966 2718 28
983 2670 1078 2719 exsudat
1089 2670 1148 2734 conj.
1158 2674 1234 2719 Beatt
1245 2681 1267 2719 et

120 2735 207 2782 acZar.
246 2734 366 2796 Poplicola
387 2735 442 2781 Vsa.
461 2734 633 2781 Lamafflemt.
729 2737 759 2780 31
778 2734 850 2796 Atqui
861 2736 938 2784 Bentl.
951 2738 1040 2782 ecodd.
1136 2736 1168 2784 82
1181 2737 1219 2784 tali
1230 2753 1267 2784 me

122 2800 262 2847 Maced.
272 2815 329 2848 aaa.
394 2802 426 2848 87
444 2797 550 2861 Defingit
559 2799 628 2846 etiam
642 2799 672 2846 G.
689 2797 740 2846 Dii.
753 2800 780 2846 Ζ.
787 2800 813 2847 it.
825 2800 900 2848 Versat.
963 2803 995 2848 88
1013 2815 1085 2864 neque
1096 2803 1148 2849 Sus.
1158 2803 1236 2850 Basti·

123 2989 149 3034 25
165 2989 220 3037 tiras
241 3003 320 3038 verast
334 2988 426 3053 facim,⁸
456 2987 540 3052 supple,
569 2989 656 3035 Utrum
719 2992 753 3036 87
772 2988 884 3052 Diflingit
898 2987 1082 3036 bedeformat.

100 3057 144 3098 tsac
152 3061 246 3102 tamam.
721 3055 841 3109 Luscum,
860 3053 896 3099 hie
917 3053 993 3100 fontes
1008 3053 1140 3116 intelligam,
1162 3053 1279 3116 limpidas·
1319 3096 1330 3104 .

124 3117 252 3178 Paagmda,
265 3121 292 3165 h.
302 3134 323 3166 e.
334 3118 465 3181 peroranda.
689 3133 729 3180 per
748 3133 773 3164 se
790 3126 814 3166 et
833 3117 935 3179 liquidos,
948 3117 987 3164 sed
1007 3119 1077 3165 luteos
1095 3124 1119 3165 et
1137 3120 1238 3168 turbidos
1253 3137 1268 3168 a

125 3181 215 3230 Petilius
224 3185 269 3231 iste
281 3183 402 3230 ¹abstulerat
413 3195 519 3230 coronam
531 3196 621 3229 auream
630 3181 658 3229 de
690 3183 765 3246 poeta.
956 3201 958 3208 ⁴

100 3245 157 3306 capite
167 3245 290 3310 Capitolini
299 3247 373 3296 Jovis.
447 3257 450 3268 ·
709 3251 755 3294 Ὶ38
773 3245 853 3296 Critici
868 3247 926 3310 apud
943 3246 1027 3294 AEdem
1044 3247 1158 3311 Apollinis
1170 3247 1267 3296 Palatini

124 3311 151 3358 28
166 3311 194 3366 Q.
202 3311 291 3360 Pedius
303 3312 419 3359 Publicola
429 3317 452 3359 et
463 3309 565 3358 Messala
577 3309 660 3358 Corvi-
691 3327 787 3360 numero
809 3320 875 3359 erant
901 3314 1008 3376 quiesque.
1031 3328 1044 3359 e
1070 3313 1149 3374 quibus
1170 3314 1269 3362 maxime

100 3387 133 3419 aus
142 3373 241 3424 Oratores
252 3385 322 3425 erant
330 3377 399 3439 priori
410 3377 494 3424 saeculo
504 3376 612 3438 insignes.
692 3378 795 3424 assiduus
806 3384 854 3423 erat
870 3375 964 3438 Spurius
977 3375 1065 3424 Metius
1076 3375 1159 3440 Tarpa.

123 3440 149 3484 8⁰
165 3443 275 3490 mamati
291 3457 345 3488 curn
364 3441 454 3502 reliquis
474 3438 582 3495 Calabris,
594 3439 660 3502 Apu·
725 3444 757 3487 40
773 3442 871 3501 Arguta,
901 3441 995 3504 argutiis
1025 3448 1117 3497 armata,
1144 3442 1223 3508 pellaci
1245 3450 1269 3490 et

100 3500 223 3555 lahucmis
234 3515 258 3554 et
269 3507 365 3572 Brutiis,
377 3507 405 3553 de
416 3505 506 3568 Magna
515 3513 580 3553 eraut
591 3504 660 3553 Grae-
691 3515 781 3568 promto
789 3506 889 3568 ingenio.
1272 3527 1274 3535 ⁴

103 3565 134 3620 ὼ,
143 3575 163 3615 a
173 3569 308 3619 Graecorum
320 3571 415 3620 colonis
423 3569 525 3616 immisti.
704 3589 706 3596 ⁴
725 3572 753 3617 41
774 3570 878 3617 Eludant
895 3569 1043 3626 Gladiatores,
1067 3571 1120 3618 dum
1143 3578 1191 3618 arte
1212 3572 1269 3620 effu-

126 3634 153 3680 33
168 3633 219 3682 Post
226 3639 328 3684 naedr'rsm
345 3644 447 3690 rwctcm5
466 3630 524 3681 Eis-s
540 3631 580 3679 ssi
596 3635 668 3700 eegr.
693 3636 760 3699 giunt
770 3637 837 3692 ictus,
849 3641 872 3681 et
882 3650 922 3696 per
932 3637 975 3681 hcc
985 3635 1091 3684 lerientes
1100 3635 1188 3683 fallunt.

102 3691 144 3741 sius
153 3699 289 3760 ssspss‘nm
305 3699 360 3753 ’ἔθνος
377 3699 461 3767 irrigas,
480 3705 506 3746 ut
515 3698 573 3745 belle
584 3698 661 3746 Tbeo·
725 3698 764 3747 Tu
775 3700 844 3755 solus,
857 3699 968 3756 Fundani,
986 3707 1051 3765 potes
1064 3700 1136 3747 facete
1147 3702 1269 3748 comoedias

104 3759 167 3810 tritis.
694 3765 799 3822 scribere,
816 3765 840 3814 iu
859 3765 939 3826 quibus
955 3765 1085 3814 meretrices
1095 3773 1119 3812 et
1130 3765 1190 3812 servi
1205 3782 1270 3814 more

126 3827 153 3871 at
166 3829 197 3875 In
205 3831 358 3891 siluamhgrsa
378 3827 661 3886 ml’roverbioticitur.
692 3837 876 3892 suonugantur.¹

104 3883 333 3954 &maman
369 3913 370 3916 ¹
483 3931 488 3944 .
725 3896 756 3942 aa
772 3895 820 3942 vaa
831 3894 936 3954 Argao
953 3895 1031 3955 agera
1049 3896 1118 3943 caus
1128 3894 1270 3944 rumara

128 3955 154 4024 lib
169 3955 230 4005 Nihil
247 3961 300 4008 vult
317 3959 360 4006 nisi
372 3960 508 4007 Graecorum
525 3958 660 4020 scriptorum
695 3960 862 4008 camuranam
872 3961 973 4020 scriptor.

104 4023 147 4063 ahs
164 4034 268 4084 magnum
291 4039 343 4073 esse
363 4039 489 4080 numerum,
506 4023 596 4071 difficile
612 4037 663 4071 esse
726 4026 759 4070 43
776 4025 1010 4084 Pedsterperausso5
1032 4024 1143 4074 litmaro
1161 4022 1270 4070 Iambico.

103 4078 231 4135 ibieminere.
693 4088 788 4135 Asinius
808 4086 882 4135 Pollio
900 4087 1035 4152 Trsgoedias
1055 4088 1181 4150 scripserat.
1213 4085 1268 4133 Vid.

126 4147 157 4218 Ι36
173 4151 284 4202 cornelius
296 4155 396 4216 Alpinas
407 4155 535 4203 Memnona
546 4154 661 4202 Heaame-
694 4151 749 4202 Car.
760 4156 783 4200 2.
798 4156 817 4201 t.
827 4157 851 4200 9.
1241 4164 1242 4170 ’

106 4214 138 4255 Μ*
146 4216 233 4264 versibus
243 4221 358 4266 nimirum
374 4220 500 4280 descsijnin
517 4227 539 4266 et
555 4219 608 4266 belle
617 4218 661 4280 ju-
702 4243 704 4250 .
726 4218 796 4266 Forte
801 4239 811 4273 ,·
829 4217 965 4266 Animorum
976 4217 1029 4264 dicit
1039 4223 1063 4264 et
1074 4215 1194 4278 spirituale.

106 4273 157 4347 RQ
173 4280 295 4331 Manassen
305 4285 402 4344 Dilcgur
413 4285 461 4331 ait:
479 4299 536 4332 rrum
550 4285 608 4332 dam
623 4285 662 4330 rte-
726 4284 793 4339 Acer,
804 4284 827 4330 h.
838 4299 858 4330 e.
869 4283 969 4340 callidus,
980 4282 1101 4337 interritus,
1116 4281 1197 4330 audax.
1216 4279 1270 4327 via

108 4339 364 4412 'mlitquermdnadam
374 4348 503 4412 J'rrgulstrsr,
515 4349 662 4410 intelligimus
695 4345 748 4397 Car.
762 4351 784 4395 l.
794 4350 816 4396 6.
830 4351 851 4395 l.
932 4363 934 4370 ⁴
1014 4371 1016 4376 v
1140 4355 1142 4360 ’

108 4398 375 4475 Araurrajagaurt
