<?xml version="1.0" encoding="UTF-8"?>
<!DOCTYPE html PUBLIC "-//W3C//DTD XHTML 1.0 Transitional//EN"
    "http://www.w3.org/TR/xhtml1/DTD/xhtml1-transitional.dtd">
<html xmlns="http://www.w3.org/1999/xhtml" xml:lang="en" lang="en">
 <head>
  <title>
</title>
<meta http-equiv="Content-Type" content="text/html;charset=utf-8" />
  <meta name='ocr-system' content='tesseract 3.04.00' />
  <meta name='ocr-capabilities' content='ocr_page ocr_carea ocr_par ocr_line ocrx_word'/>
</head>
<body>
  <div class='ocr_page' id='page_1' title='image "./operacumselecti00horagoog_0200.png"; bbox 0 0 2964 5022; ppageno 0'>
   <div class='ocr_carea' id='block_1_1' title="bbox 421 277 925 359">
    <p class='ocr_par' dir='ltr' id='par_1_1' title="bbox 421 277 925 359">
     <span class='ocr_line' id='line_1_1' title="bbox 421 277 925 359; baseline 0.026 -14"><span class='ocrx_word' id='word_1_1' title='bbox 421 277 625 350; x_wconf 79' lang='lat' dir='ltr'>CARMEN</span> <span class='ocrx_word' id='word_1_2' title='bbox 648 283 925 359; x_wconf 77' lang='lat' dir='ltr'><strong>SAEOULARE.</strong></span> 
     </span>
    </p>
   </div>
   <div class='ocr_carea' id='block_1_2' title="bbox 114 449 908 3086">
    <p class='ocr_par' dir='ltr' id='par_1_2' title="bbox 114 449 908 3086">
     <span class='ocr_line' id='line_1_2' title="bbox 157 449 725 539; baseline 0.011 -25"><span class='ocrx_word' id='word_1_3' title='bbox 157 459 201 516; x_wconf 72' lang='lat'>35</span> <span class='ocrx_word' id='word_1_4' title='bbox 235 449 359 516; x_wconf 88' lang='lat' dir='ltr'>Siderum</span> <span class='ocrx_word' id='word_1_5' title='bbox 374 453 483 539; x_wconf 83' lang='lat' dir='ltr'>regina</span> <span class='ocrx_word' id='word_1_6' title='bbox 498 455 635 520; x_wconf 88' lang='lat' dir='ltr'>bicornis</span> <span class='ocrx_word' id='word_1_7' title='bbox 649 456 725 523; x_wconf 86' lang='lat' dir='ltr'>audi</span> 
     </span>
     <span class='ocr_line' id='line_1_3' title="bbox 381 561 629 650; baseline 0.02 -23"><span class='ocrx_word' id='word_1_8' title='bbox 381 561 475 630; x_wconf 85' lang='lat' dir='ltr'>Luna</span> <span class='ocrx_word' id='word_1_9' title='bbox 489 565 629 650; x_wconf 83' lang='lat' dir='ltr'>puellas:</span> 
     </span>
     <span class='ocr_line' id='line_1_4' title="bbox 148 669 824 767; baseline 0.016 -33"><span class='ocrx_word' id='word_1_10' title='bbox 148 669 154 678; x_wconf 84' lang='lat'>&#39;</span> <span class='ocrx_word' id='word_1_11' title='bbox 229 672 316 737; x_wconf 86' lang='lat' dir='ltr'>Roma</span> <span class='ocrx_word' id='word_1_12' title='bbox 328 673 354 737; x_wconf 92' lang='lat' dir='ltr'>si</span> <span class='ocrx_word' id='word_1_13' title='bbox 368 685 505 739; x_wconf 88' lang='lat' dir='ltr'>vestrum</span> <span class='ocrx_word' id='word_1_14' title='bbox 520 688 569 740; x_wconf 88' lang='lat' dir='ltr'>est</span> <span class='ocrx_word' id='word_1_15' title='bbox 582 697 672 762; x_wconf 85' lang='lat' dir='ltr'>opus,</span> <span class='ocrx_word' id='word_1_16' title='bbox 690 677 824 767; x_wconf 73' lang='lat' dir='ltr'>Iliaeque</span> 
     </span>
     <span class='ocr_line' id='line_1_5' title="bbox 227 781 783 869; baseline 0.013 -23"><span class='ocrx_word' id='word_1_17' title='bbox 227 781 315 848; x_wconf 85' lang='lat' dir='ltr'>Littus</span> <span class='ocrx_word' id='word_1_18' title='bbox 330 781 500 869; x_wconf 72' lang='lat' dir='ltr'>Etruseum</span> <span class='ocrx_word' id='word_1_19' title='bbox 515 797 645 852; x_wconf 81' lang='lat' dir='ltr'>tenuere</span> <span class='ocrx_word' id='word_1_20' title='bbox 659 799 783 869; x_wconf 83' lang='lat' dir='ltr'>turmae,</span> 
     </span>
     <span class='ocr_line' id='line_1_6' title="bbox 223 894 812 980; baseline 0.01 -23"><span class='ocrx_word' id='word_1_21' title='bbox 223 894 301 958; x_wconf 84' lang='lat' dir='ltr'>Jussu</span> <span class='ocrx_word' id='word_1_22' title='bbox 312 917 384 980; x_wconf 87' lang='lat' dir='ltr'>pars</span> <span class='ocrx_word' id='word_1_23' title='bbox 400 908 522 961; x_wconf 83' lang='lat' dir='ltr'>mutare</span> <span class='ocrx_word' id='word_1_24' title='bbox 537 897 637 962; x_wconf 83' lang='lat' dir='ltr'><strong>Lares</strong></span> <span class='ocrx_word' id='word_1_25' title='bbox 652 909 685 963; x_wconf 87' lang='lat' dir='ltr'>et</span> <span class='ocrx_word' id='word_1_26' title='bbox 699 899 812 964; x_wconf 89' lang='lat' dir='ltr'>urbem</span> 
     </span>
     <span class='ocr_line' id='line_1_7' title="bbox 135 1006 632 1092; baseline 0.006 -23"><span class='ocrx_word' id='word_1_27' title='bbox 135 1014 178 1070; x_wconf 72' lang='lat'>40</span> <span class='ocrx_word' id='word_1_28' title='bbox 376 1006 500 1092; x_wconf 89' lang='lat' dir='ltr'>Sospite</span> <span class='ocrx_word' id='word_1_29' title='bbox 515 1030 632 1085; x_wconf 89' lang='lat' dir='ltr'>cursu;</span> 
     </span>
     <span class='ocr_line' id='line_1_8' title="bbox 222 1116 868 1210; baseline 0.011 -30"><span class='ocrx_word' id='word_1_30' title='bbox 222 1116 270 1180; x_wconf 88' lang='lat' dir='ltr'>Cui</span> <span class='ocrx_word' id='word_1_31' title='bbox 282 1139 337 1202; x_wconf 91' lang='lat' dir='ltr'>per</span> <span class='ocrx_word' id='word_1_32' title='bbox 351 1117 514 1183; x_wconf 80' lang='lat' dir='ltr'><strong>ardentem</strong></span> <span class='ocrx_word' id='word_1_33' title='bbox 529 1119 596 1183; x_wconf 89' lang='lat' dir='ltr'>sine</span> <span class='ocrx_word' id='word_1_34' title='bbox 610 1118 721 1184; x_wconf 78' lang='lat' dir='ltr'>fraude</span> <span class='ocrx_word' id='word_1_35' title='bbox 737 1119 868 1210; x_wconf 84' lang='lat' dir='ltr'>Trojam</span> 
     </span>
     <span class='ocr_line' id='line_1_9' title="bbox 217 1227 750 1314; baseline 0.009 -23"><span class='ocrx_word' id='word_1_36' title='bbox 217 1227 315 1291; x_wconf 81' lang='lat' dir='ltr'><strong>Castus</strong></span> <span class='ocrx_word' id='word_1_37' title='bbox 331 1227 452 1292; x_wconf 81' lang='lat' dir='ltr'>AEnees</span> <span class='ocrx_word' id='word_1_38' title='bbox 465 1228 577 1313; x_wconf 83' lang='lat' dir='ltr'>petriae</span> <span class='ocrx_word' id='word_1_39' title='bbox 592 1241 750 1314; x_wconf 88' lang='lat' dir='ltr'>superstes</span> 
     </span>
     <span class='ocr_line' id='line_1_10' title="bbox 210 1319 731 1417; baseline 0.008 -17"><span class='ocrx_word' id='word_1_40' title='bbox 210 1336 352 1402; x_wconf 88' lang='lat' dir='ltr'>Liberum</span> <span class='ocrx_word' id='word_1_41' title='bbox 365 1339 500 1404; x_wconf 86' lang='lat' dir='ltr'>munivit</span> <span class='ocrx_word' id='word_1_42' title='bbox 513 1319 584 1417; x_wconf 87' lang='lat' dir='ltr'>iter,</span> <span class='ocrx_word' id='word_1_43' title='bbox 600 1339 731 1404; x_wconf 84' lang='lat' dir='ltr'>daturus</span> 
     </span>
     <span class='ocr_line' id='line_1_11' title="bbox 369 1448 618 1514; baseline 0 0"><span class='ocrx_word' id='word_1_44' title='bbox 369 1448 469 1514; x_wconf 83' lang='lat' dir='ltr'>Plura</span> <span class='ocrx_word' id='word_1_45' title='bbox 481 1448 598 1514; x_wconf 87' lang='lat' dir='ltr'>relictis</span> <span class='ocrx_word' id='word_1_46' title='bbox 610 1475 618 1514; x_wconf 91' lang='lat'><strong>:</strong></span> 
     </span>
     <span class='ocr_line' id='line_1_12' title="bbox 123 1557 765 1646; baseline 0.011 -26"><span class='ocrx_word' id='word_1_47' title='bbox 123 1565 160 1621; x_wconf 78' lang='lat'>45</span> <span class='ocrx_word' id='word_1_48' title='bbox 200 1557 249 1622; x_wconf 90' lang='lat' dir='ltr'>Dl</span> <span class='ocrx_word' id='word_1_49' title='bbox 260 1559 375 1642; x_wconf 92' lang='lat' dir='ltr'>probos</span> <span class='ocrx_word' id='word_1_50' title='bbox 388 1581 493 1624; x_wconf 89' lang='lat' dir='ltr'>mores</span> <span class='ocrx_word' id='word_1_51' title='bbox 507 1559 604 1624; x_wconf 88' lang='lat' dir='ltr'>docili</span> <span class='ocrx_word' id='word_1_52' title='bbox 613 1562 765 1646; x_wconf 79' lang='lat' dir='ltr'>juventae,</span> 
     </span>
     <span class='ocr_line' id='line_1_13' title="bbox 199 1669 721 1757; baseline 0.004 -23"><span class='ocrx_word' id='word_1_53' title='bbox 199 1669 248 1734; x_wconf 86' lang='lat' dir='ltr'>Di</span> <span class='ocrx_word' id='word_1_54' title='bbox 260 1670 411 1735; x_wconf 86' lang='lat' dir='ltr'><strong>senectuti</strong></span> <span class='ocrx_word' id='word_1_55' title='bbox 424 1669 558 1754; x_wconf 83' lang='lat' dir='ltr'>placidae</span> <span class='ocrx_word' id='word_1_56' title='bbox 573 1669 721 1757; x_wconf 90' lang='lat' dir='ltr'>quietem,</span> 
     </span>
     <span class='ocr_line' id='line_1_14' title="bbox 199 1781 817 1869; baseline 0.003 -23"><span class='ocrx_word' id='word_1_57' title='bbox 199 1781 344 1846; x_wconf 85' lang='lat' dir='ltr'>Romulae</span> <span class='ocrx_word' id='word_1_58' title='bbox 358 1781 446 1868; x_wconf 85' lang='lat' dir='ltr'>genti</span> <span class='ocrx_word' id='word_1_59' title='bbox 460 1781 534 1846; x_wconf 87' lang='lat' dir='ltr'>date</span> <span class='ocrx_word' id='word_1_60' title='bbox 547 1803 678 1869; x_wconf 89' lang='lat' dir='ltr'>remque</span> <span class='ocrx_word' id='word_1_61' title='bbox 691 1783 817 1868; x_wconf 84' lang='lat' dir='ltr'>prolem</span> 
     </span>
     <span class='ocr_line' id='line_1_15' title="bbox 364 1891 713 1978; baseline 0.011 -24"><span class='ocrx_word' id='word_1_62' title='bbox 364 1913 436 1978; x_wconf 87' lang='lat' dir='ltr'>que,</span> <span class='ocrx_word' id='word_1_63' title='bbox 452 1903 484 1955; x_wconf 92' lang='lat' dir='ltr'>et</span> <span class='ocrx_word' id='word_1_64' title='bbox 497 1891 594 1956; x_wconf 89' lang='lat' dir='ltr'>decus</span> <span class='ocrx_word' id='word_1_65' title='bbox 609 1915 713 1958; x_wconf 90' lang='lat' dir='ltr'>omne.</span> 
     </span>
     <span class='ocr_line' id='line_1_16' title="bbox 194 2000 784 2088; baseline 0.008 -23"><span class='ocrx_word' id='word_1_66' title='bbox 194 2000 321 2088; x_wconf 85' lang='lat' dir='ltr'>Quique</span> <span class='ocrx_word' id='word_1_67' title='bbox 335 2023 391 2066; x_wconf 88' lang='lat' dir='ltr'>vos</span> <span class='ocrx_word' id='word_1_68' title='bbox 405 2001 509 2066; x_wconf 86' lang='lat' dir='ltr'>bubus</span> <span class='ocrx_word' id='word_1_69' title='bbox 524 2016 691 2069; x_wconf 83' lang='lat' dir='ltr'>veneratur</span> <span class='ocrx_word' id='word_1_70' title='bbox 705 2005 784 2070; x_wconf 78' lang='lat' dir='ltr'>albis</span> 
     </span>
     <span class='ocr_line' id='line_1_17' title="bbox 118 2111 842 2204; baseline 0.011 -30"><span class='ocrx_word' id='word_1_71' title='bbox 118 2119 152 2175; x_wconf 82' lang='lat'>50</span> <span class='ocrx_word' id='word_1_72' title='bbox 193 2111 307 2176; x_wconf 77' lang='lat' dir='ltr'>Clarus</span> <span class='ocrx_word' id='word_1_73' title='bbox 323 2111 475 2178; x_wconf 76' lang='lat' dir='ltr'>Anchises</span> <span class='ocrx_word' id='word_1_74' title='bbox 490 2113 686 2202; x_wconf 80' lang='lat' dir='ltr'>Venerisque</span> <span class='ocrx_word' id='word_1_75' title='bbox 701 2119 842 2204; x_wconf 79' lang='lat' dir='ltr'>sanguis,</span> 
     </span>
     <span class='ocr_line' id='line_1_18' title="bbox 190 2221 776 2310; baseline 0.009 -24"><span class='ocrx_word' id='word_1_76' title='bbox 190 2221 342 2307; x_wconf 86' lang='lat' dir='ltr'>Imperet,</span> <span class='ocrx_word' id='word_1_77' title='bbox 357 2222 495 2288; x_wconf 86' lang='lat' dir='ltr'>bellante</span> <span class='ocrx_word' id='word_1_78' title='bbox 508 2223 607 2309; x_wconf 84' lang='lat' dir='ltr'>prior,</span> <span class='ocrx_word' id='word_1_79' title='bbox 617 2226 776 2310; x_wconf 80' lang='lat' dir='ltr'>jacentem</span> 
     </span>
     <span class='ocr_line' id='line_1_19' title="bbox 361 2333 877 2430; baseline 0 -31"><span class='ocrx_word' id='word_1_80' title='bbox 361 2333 459 2399; x_wconf 84' lang='lat' dir='ltr'>Leuis</span> <span class='ocrx_word' id='word_1_81' title='bbox 474 2335 507 2398; x_wconf 91' lang='lat' dir='ltr'>in</span> <span class='ocrx_word' id='word_1_82' title='bbox 521 2334 655 2400; x_wconf 87' lang='lat' dir='ltr'>hostem.</span> <span class='ocrx_word' id='word_1_83' title='bbox 874 2425 877 2430; x_wconf 18' lang='grc' dir='ltr'>ἱ</span> 
     </span>
     <span class='ocr_line' id='line_1_20' title="bbox 188 2444 804 2532; baseline 0.005 -23"><span class='ocrx_word' id='word_1_84' title='bbox 188 2445 261 2510; x_wconf 84' lang='lat' dir='ltr'>Jsm</span> <span class='ocrx_word' id='word_1_85' title='bbox 276 2444 358 2508; x_wconf 83' lang='lat' dir='ltr'>meri</span> <span class='ocrx_word' id='word_1_86' title='bbox 372 2455 517 2532; x_wconf 83' lang='lat' dir='ltr'>terreque</span> <span class='ocrx_word' id='word_1_87' title='bbox 531 2466 644 2509; x_wconf 86' lang='lat' dir='ltr'>manus</span> <span class='ocrx_word' id='word_1_88' title='bbox 658 2456 804 2530; x_wconf 90' lang='lat' dir='ltr'>potentes</span> 
     </span>
     <span class='ocr_line' id='line_1_21' title="bbox 185 2555 788 2643; baseline 0.005 -23"><span class='ocrx_word' id='word_1_89' title='bbox 185 2555 307 2620; x_wconf 86' lang='lat' dir='ltr'>Medus</span> <span class='ocrx_word' id='word_1_90' title='bbox 323 2555 528 2643; x_wconf 77' lang='lat' dir='ltr'>Albanasque</span> <span class='ocrx_word' id='word_1_91' title='bbox 541 2555 631 2621; x_wconf 89' lang='lat' dir='ltr'>timet</span> <span class='ocrx_word' id='word_1_92' title='bbox 645 2577 788 2623; x_wconf 88' lang='lat' dir='ltr'>secures:</span> 
     </span>
     <span class='ocr_line' id='line_1_22' title="bbox 114 2665 848 2754; baseline 0.007 -24"><span class='ocrx_word' id='word_1_93' title='bbox 114 2673 146 2732; x_wconf 80' lang='lat'>55</span> <span class='ocrx_word' id='word_1_94' title='bbox 182 2666 255 2732; x_wconf 85' lang='lat' dir='ltr'>Jsm</span> <span class='ocrx_word' id='word_1_95' title='bbox 272 2665 403 2752; x_wconf 80' lang='lat' dir='ltr'>Scythae</span> <span class='ocrx_word' id='word_1_96' title='bbox 417 2688 568 2752; x_wconf 86' lang='lat' dir='ltr'>responsa</span> <span class='ocrx_word' id='word_1_97' title='bbox 581 2677 704 2751; x_wconf 89' lang='lat' dir='ltr'>petunt,</span> <span class='ocrx_word' id='word_1_98' title='bbox 720 2670 848 2754; x_wconf 88' lang='lat' dir='ltr'>superbi</span> 
     </span>
     <span class='ocr_line' id='line_1_23' title="bbox 359 2777 629 2862; baseline 0.007 -22"><span class='ocrx_word' id='word_1_99' title='bbox 359 2777 483 2862; x_wconf 85' lang='lat' dir='ltr'>Nuper,</span> <span class='ocrx_word' id='word_1_100' title='bbox 498 2789 531 2842; x_wconf 88' lang='lat' dir='ltr'>et</span> <span class='ocrx_word' id='word_1_101' title='bbox 545 2777 629 2843; x_wconf 90' lang='lat' dir='ltr'>Indi.</span> 
     </span>
     <span class='ocr_line' id='line_1_24' title="bbox 184 2885 908 2982; baseline 0.007 -30"><span class='ocrx_word' id='word_1_102' title='bbox 184 2887 258 2952; x_wconf 85' lang='lat' dir='ltr'>Jsm</span> <span class='ocrx_word' id='word_1_103' title='bbox 274 2885 383 2965; x_wconf 87' lang='lat' dir='ltr'>Fides,</span> <span class='ocrx_word' id='word_1_104' title='bbox 398 2899 431 2952; x_wconf 88' lang='lat' dir='ltr'>et</span> <span class='ocrx_word' id='word_1_105' title='bbox 446 2886 525 2966; x_wconf 79' lang='lat' dir='ltr'><strong>Pax,</strong></span> <span class='ocrx_word' id='word_1_106' title='bbox 541 2899 573 2952; x_wconf 91' lang='lat' dir='ltr'>et</span> <span class='ocrx_word' id='word_1_107' title='bbox 589 2887 717 2968; x_wconf 88' lang='lat' dir='ltr'>Honos,</span> <span class='ocrx_word' id='word_1_108' title='bbox 735 2891 908 2982; x_wconf 89' lang='lat' dir='ltr'>Pudorque</span> 
     </span>
     <span class='ocr_line' id='line_1_25' title="bbox 184 2996 772 3086; baseline 0.007 -24"><span class='ocrx_word' id='word_1_109' title='bbox 184 2997 326 3076; x_wconf 82' lang='lat' dir='ltr'>Priscus,</span> <span class='ocrx_word' id='word_1_110' title='bbox 341 3010 373 3063; x_wconf 90' lang='lat' dir='ltr'>et</span> <span class='ocrx_word' id='word_1_111' title='bbox 386 2996 530 3086; x_wconf 83' lang='lat' dir='ltr'>neglecte</span> <span class='ocrx_word' id='word_1_112' title='bbox 544 2997 648 3065; x_wconf 90' lang='lat' dir='ltr'>redire</span> <span class='ocrx_word' id='word_1_113' title='bbox 662 3000 772 3066; x_wconf 89' lang='lat' dir='ltr'>Virtus</span> 
     </span>
    </p>
   </div>
   <div class='ocr_carea' id='block_1_3' title="bbox 84 3233 1242 3558">
    <p class='ocr_par' dir='ltr' id='par_1_3' title="bbox 84 3233 1242 3558">
     <span class='ocr_line' id='line_1_26' title="bbox 84 3233 1242 3310; baseline 0.01 -31"><span class='ocrx_word' id='word_1_114' title='bbox 84 3233 110 3279; x_wconf 81' lang='lat' dir='ltr'>n.</span> <span class='ocrx_word' id='word_1_115' title='bbox 123 3235 147 3282; x_wconf 75' lang='lat' dir='ltr'>ld</span> <span class='ocrx_word' id='word_1_116' title='bbox 162 3235 395 3285; x_wconf 80' lang='lat' dir='ltr'>docilis-senectutis</span> <span class='ocrx_word' id='word_1_117' title='bbox 413 3235 482 3282; x_wconf 83' lang='lat' dir='ltr'>etium</span> <span class='ocrx_word' id='word_1_118' title='bbox 495 3235 524 3284; x_wconf 87' lang='lat' dir='ltr'>G.</span> <span class='ocrx_word' id='word_1_119' title='bbox 541 3233 566 3284; x_wconf 82' lang='lat' dir='ltr'>u.</span> <span class='ocrx_word' id='word_1_120' title='bbox 581 3238 629 3284; x_wconf 74' lang='lat' dir='ltr'>coll.</span> <span class='ocrx_word' id='word_1_121' title='bbox 645 3239 696 3284; x_wconf 74' lang='lat' dir='ltr'>Sue.</span> <span class='ocrx_word' id='word_1_122' title='bbox 715 3238 741 3284; x_wconf 79' lang='lat' dir='ltr'>it.</span> <span class='ocrx_word' id='word_1_123' title='bbox 760 3238 829 3288; x_wconf 80' lang='lat' dir='ltr'>Mss.</span> <span class='ocrx_word' id='word_1_124' title='bbox 848 3240 894 3286; x_wconf 81' lang='lat' dir='ltr'>duo</span> <span class='ocrx_word' id='word_1_125' title='bbox 911 3241 1001 3288; x_wconf 79' lang='lat' dir='ltr'>Bersm.</span> <span class='ocrx_word' id='word_1_126' title='bbox 1088 3245 1119 3291; x_wconf 71' lang='grc'>49</span> <span class='ocrx_word' id='word_1_127' title='bbox 1137 3243 1242 3310; x_wconf 67' lang='lat' dir='ltr'>quaeque</span> 
     </span>
     <span class='ocr_line' id='line_1_27' title="bbox 104 3301 1242 3374; baseline 0.009 -30"><span class='ocrx_word' id='word_1_128' title='bbox 104 3301 156 3344; x_wconf 69' lang='lat' dir='ltr'>subm</span> <span class='ocrx_word' id='word_1_129' title='bbox 173 3301 199 3348; x_wconf 80' lang='lat' dir='ltr'>G.</span> <span class='ocrx_word' id='word_1_130' title='bbox 214 3310 234 3348; x_wconf 87' lang='lat' dir='ltr'>et</span> <span class='ocrx_word' id='word_1_131' title='bbox 245 3303 295 3348; x_wconf 80' lang='lat' dir='ltr'>coll.</span> <span class='ocrx_word' id='word_1_132' title='bbox 311 3303 361 3348; x_wconf 76' lang='lat' dir='ltr'>Sur.</span> <span class='ocrx_word' id='word_1_133' title='bbox 375 3301 499 3363; x_wconf 78' lang='lat' dir='ltr'>probatqroe</span> <span class='ocrx_word' id='word_1_134' title='bbox 516 3316 571 3348; x_wconf 80' lang='lat' dir='ltr'>cum</span> <span class='ocrx_word' id='word_1_135' title='bbox 581 3301 659 3349; x_wconf 79' lang='lat' dir='ltr'>Berul.</span> <span class='ocrx_word' id='word_1_136' title='bbox 675 3309 696 3348; x_wconf 85' lang='lat' dir='ltr'>et</span> <span class='ocrx_word' id='word_1_137' title='bbox 708 3302 769 3352; x_wconf 77' lang='lat' dir='ltr'>Cun-</span> <span class='ocrx_word' id='word_1_138' title='bbox 779 3304 827 3350; x_wconf 82' lang='lat' dir='ltr'>Bos</span> <span class='ocrx_word' id='word_1_139' title='bbox 838 3304 962 3351; x_wconf 80' lang='lat' dir='ltr'>Animadu.</span> <span class='ocrx_word' id='word_1_140' title='bbox 968 3320 994 3364; x_wconf 83' lang='lat' dir='ltr'>p.</span> <span class='ocrx_word' id='word_1_141' title='bbox 1008 3307 1047 3354; x_wconf 80' lang='lat'>55.</span> <span class='ocrx_word' id='word_1_142' title='bbox 1058 3309 1101 3354; x_wconf 83' lang='lat' dir='ltr'>Sed</span> <span class='ocrx_word' id='word_1_143' title='bbox 1115 3311 1197 3374; x_wconf 77' lang='lat' dir='ltr'>quique</span> <span class='ocrx_word' id='word_1_144' title='bbox 1214 3317 1242 3362; x_wconf 84' lang='grc' dir='ltr'>Ζ,</span> 
     </span>
     <span class='ocr_line' id='line_1_28' title="bbox 106 3363 1238 3428; baseline 0.013 -18"><span class='ocrx_word' id='word_1_145' title='bbox 106 3363 262 3414; x_wconf 68' lang='lat' dir='ltr'>neruosae</span> <span class='ocrx_word' id='word_1_146' title='bbox 272 3368 302 3415; x_wconf 85' lang='lat' dir='ltr'>ub</span> <span class='ocrx_word' id='word_1_147' title='bbox 315 3363 439 3412; x_wconf 68' lang='lat' dir='ltr'>Autonoe</span> <span class='ocrx_word' id='word_1_148' title='bbox 446 3365 502 3428; x_wconf 77' lang='lat' dir='ltr'>fere</span> <span class='ocrx_word' id='word_1_149' title='bbox 518 3381 601 3420; x_wconf 83' lang='lat' dir='ltr'>omnes,</span> <span class='ocrx_word' id='word_1_150' title='bbox 617 3368 685 3413; x_wconf 80' lang='lat' dir='ltr'>etiam</span> <span class='ocrx_word' id='word_1_151' title='bbox 703 3367 787 3414; x_wconf 82' lang='lat' dir='ltr'>Lamb.</span> <span class='ocrx_word' id='word_1_152' title='bbox 804 3369 870 3415; x_wconf 82' lang='lat' dir='ltr'>Torr.</span> <span class='ocrx_word' id='word_1_153' title='bbox 891 3369 954 3416; x_wconf 76' lang='lat' dir='ltr'>Tau.</span> <span class='ocrx_word' id='word_1_154' title='bbox 965 3369 1042 3418; x_wconf 67' lang='lat' dir='ltr'>Merit·</span> <span class='ocrx_word' id='word_1_155' title='bbox 1060 3374 1145 3422; x_wconf 82' lang='lat' dir='ltr'>Sandb.</span> <span class='ocrx_word' id='word_1_156' title='bbox 1167 3377 1170 3392; x_wconf 75' lang='lat'><em>²</em></span> <span class='ocrx_word' id='word_1_157' title='bbox 1208 3381 1238 3424; x_wconf 83' lang='lat'>51</span> 
     </span>
     <span class='ocr_line' id='line_1_29' title="bbox 106 3424 1234 3514; baseline 0.004 -38"><span class='ocrx_word' id='word_1_158' title='bbox 106 3424 195 3490; x_wconf 77' lang='lat' dir='ltr'>impetret</span> <span class='ocrx_word' id='word_1_159' title='bbox 212 3432 282 3479; x_wconf 81' lang='lat' dir='ltr'>etium</span> <span class='ocrx_word' id='word_1_160' title='bbox 303 3431 354 3478; x_wconf 78' lang='lat' dir='ltr'>coll.</span> <span class='ocrx_word' id='word_1_161' title='bbox 370 3433 421 3478; x_wconf 79' lang='lat' dir='ltr'>Sor.</span> <span class='ocrx_word' id='word_1_162' title='bbox 442 3430 485 3476; x_wconf 83' lang='lat' dir='ltr'>Sed</span> <span class='ocrx_word' id='word_1_163' title='bbox 500 3430 595 3491; x_wconf 87' lang='lat' dir='ltr'>imperet</span> <span class='ocrx_word' id='word_1_164' title='bbox 608 3433 704 3494; x_wconf 78' lang='lat' dir='ltr'>reliqui:</span> <span class='ocrx_word' id='word_1_165' title='bbox 725 3433 794 3480; x_wconf 66' lang='lat' dir='ltr'>aium</span> <span class='ocrx_word' id='word_1_166' title='bbox 809 3433 914 3496; x_wconf 73' lang='lat' dir='ltr'>antiqui3</span> <span class='ocrx_word' id='word_1_167' title='bbox 936 3435 962 3482; x_wconf 81' lang='lat' dir='ltr'>in</span> <span class='ocrx_word' id='word_1_168' title='bbox 982 3433 1063 3497; x_wconf 74' lang='lat' dir='ltr'>quibus</span> <span class='ocrx_word' id='word_1_169' title='bbox 1081 3453 1133 3514; x_wconf 69' lang='lat' dir='ltr'>quae</span> <span class='ocrx_word' id='word_1_170' title='bbox 1152 3441 1234 3502; x_wconf 60' lang='lat' dir='ltr'>legitur</span> 
     </span>
     <span class='ocr_line' id='line_1_30' title="bbox 104 3491 990 3558; baseline 0.007 -20"><span class='ocrx_word' id='word_1_171' title='bbox 104 3491 128 3538; x_wconf 75' lang='lat' dir='ltr'>bb</span> <span class='ocrx_word' id='word_1_172' title='bbox 138 3508 220 3541; x_wconf 82' lang='lat' dir='ltr'>muuum</span> <span class='ocrx_word' id='word_1_173' title='bbox 228 3503 349 3558; x_wconf 82' lang='lat' dir='ltr'>potentem</span> <span class='ocrx_word' id='word_1_174' title='bbox 360 3493 419 3556; x_wconf 68' lang='lat' dir='ltr'>coni.</span> <span class='ocrx_word' id='word_1_175' title='bbox 428 3495 505 3542; x_wconf 78' lang='lat' dir='ltr'>Benrl.</span> <span class='ocrx_word' id='word_1_176' title='bbox 515 3495 582 3543; x_wconf 76' lang='lat' dir='ltr'>solus.</span> <span class='ocrx_word' id='word_1_177' title='bbox 988 3507 990 3512; x_wconf 82' lang='lat'>&#39;</span> 
     </span>
    </p>
   </div>
   <div class='ocr_carea' id='block_1_4' title="bbox 89 3683 1241 4500">
    <p class='ocr_par' dir='ltr' id='par_1_4' title="bbox 89 3683 1241 4500">
     <span class='ocr_line' id='line_1_31' title="bbox 107 3683 1241 3754; baseline 0.007 -18"><span class='ocrx_word' id='word_1_178' title='bbox 107 3683 129 3728; x_wconf 72' lang='lat' dir='ltr'>ll</span> <span class='ocrx_word' id='word_1_179' title='bbox 146 3686 239 3736; x_wconf 77' lang='lat' dir='ltr'>Vestrum</span> <span class='ocrx_word' id='word_1_180' title='bbox 248 3705 306 3751; x_wconf 79' lang='lat' dir='ltr'>opus</span> <span class='ocrx_word' id='word_1_181' title='bbox 313 3712 323 3748; x_wconf 85' lang='lat'>,-</span> <span class='ocrx_word' id='word_1_182' title='bbox 341 3689 384 3737; x_wconf 88' lang='lat' dir='ltr'>hoe</span> <span class='ocrx_word' id='word_1_183' title='bbox 394 3689 446 3736; x_wconf 84' lang='lat' dir='ltr'>loeo</span> <span class='ocrx_word' id='word_1_184' title='bbox 454 3687 538 3750; x_wconf 80' lang='lat' dir='ltr'>Lycias</span> <span class='ocrx_word' id='word_1_185' title='bbox 549 3687 631 3736; x_wconf 83' lang='lat' dir='ltr'>etDe·</span> <span class='ocrx_word' id='word_1_186' title='bbox 662 3688 721 3736; x_wconf 83' lang='lat' dir='ltr'>ravit</span> <span class='ocrx_word' id='word_1_187' title='bbox 737 3689 820 3736; x_wconf 87' lang='lat' dir='ltr'>viribus</span> <span class='ocrx_word' id='word_1_188' title='bbox 831 3703 907 3751; x_wconf 86' lang='lat' dir='ltr'>neque</span> <span class='ocrx_word' id='word_1_189' title='bbox 919 3690 943 3737; x_wconf 88' lang='lat' dir='ltr'>in</span> <span class='ocrx_word' id='word_1_190' title='bbox 949 3692 1064 3754; x_wconf 82' lang='lat' dir='ltr'>jacentem</span> <span class='ocrx_word' id='word_1_191' title='bbox 1075 3691 1181 3742; x_wconf 73' lang='lat' dir='ltr'>saeviebut</span> <span class='ocrx_word' id='word_1_192' title='bbox 1185 3712 1193 3752; x_wconf 69' lang='grc' dir='ltr'><strong>ς</strong></span> <span class='ocrx_word' id='word_1_193' title='bbox 1216 3703 1241 3744; x_wconf 88' lang='lat' dir='ltr'>et</span> 
     </span>
     <span class='ocr_line' id='line_1_32' title="bbox 89 3741 1062 3817; baseline 0.004 -19"><span class='ocrx_word' id='word_1_194' title='bbox 89 3741 115 3790; x_wconf 70' lang='lat'>5³³</span> <span class='ocrx_word' id='word_1_195' title='bbox 127 3757 185 3798; x_wconf 75' lang='lat' dir='ltr'>sortes</span> <span class='ocrx_word' id='word_1_196' title='bbox 199 3755 316 3816; x_wconf 70' lang='lat' dir='ltr'>signifieat,</span> <span class='ocrx_word' id='word_1_197' title='bbox 334 3768 428 3817; x_wconf 77' lang='lat' dir='ltr'>querum</span> <span class='ocrx_word' id='word_1_198' title='bbox 444 3753 533 3802; x_wconf 88' lang='lat' dir='ltr'>monitu</span> <span class='ocrx_word' id='word_1_199' title='bbox 543 3752 630 3801; x_wconf 82' lang='lat' dir='ltr'>AEneus</span> <span class='ocrx_word' id='word_1_200' title='bbox 661 3767 702 3816; x_wconf 85' lang='lat' dir='ltr'>per</span> <span class='ocrx_word' id='word_1_201' title='bbox 712 3754 756 3800; x_wconf 89' lang='lat' dir='ltr'>hoc</span> <span class='ocrx_word' id='word_1_202' title='bbox 767 3753 809 3800; x_wconf 86' lang='lat' dir='ltr'>diis</span> <span class='ocrx_word' id='word_1_203' title='bbox 819 3761 868 3801; x_wconf 84' lang='lat' dir='ltr'>erut</span> <span class='ocrx_word' id='word_1_204' title='bbox 878 3754 1062 3804; x_wconf 75' lang='lat' dir='ltr'>commendatior.</span> 
     </span>
     <span class='ocr_line' id='line_1_33' title="bbox 89 3803 1239 3883; baseline 0.012 -25"><span class='ocrx_word' id='word_1_205' title='bbox 89 3803 150 3858; x_wconf 72' lang='lat' dir='ltr'>lullum</span> <span class='ocrx_word' id='word_1_206' title='bbox 159 3817 222 3877; x_wconf 74' lang='lat' dir='ltr'>pedit.</span> <span class='ocrx_word' id='word_1_207' title='bbox 693 3819 828 3868; x_wconf 69' lang='lat' dir='ltr'>selredus</span> <span class='ocrx_word' id='word_1_208' title='bbox 842 3819 979 3867; x_wconf 78' lang='lat' dir='ltr'>etAlbouus</span> <span class='ocrx_word' id='word_1_209' title='bbox 989 3836 1030 3883; x_wconf 87' lang='lat' dir='ltr'>pro</span> <span class='ocrx_word' id='word_1_210' title='bbox 1042 3819 1145 3870; x_wconf 76' lang='lat' dir='ltr'>Partitur</span> <span class='ocrx_word' id='word_1_211' title='bbox 1155 3830 1178 3870; x_wconf 78' lang='lat' dir='ltr'>et</span> <span class='ocrx_word' id='word_1_212' title='bbox 1190 3825 1239 3872; x_wconf 81' lang='lat' dir='ltr'>Ro·</span> 
     </span>
     <span class='ocr_line' id='line_1_34' title="bbox 110 3875 940 3946; baseline -0.002 -18"><span class='ocrx_word' id='word_1_213' title='bbox 110 3875 132 3920; x_wconf 66' lang='lat'>42</span> <span class='ocrx_word' id='word_1_214' title='bbox 146 3879 214 3928; x_wconf 66' lang='lat' dir='ltr'>&amp;nus</span> <span class='ocrx_word' id='word_1_215' title='bbox 224 3899 268 3944; x_wconf 76' lang='lat' dir='ltr'>pro</span> <span class='ocrx_word' id='word_1_216' title='bbox 278 3884 386 3946; x_wconf 75' lang='lat' dir='ltr'>religioso.</span> <span class='ocrx_word' id='word_1_217' title='bbox 419 3881 503 3932; x_wconf 83' lang='lat' dir='ltr'>Castus</span> <span class='ocrx_word' id='word_1_218' title='bbox 514 3882 553 3945; x_wconf 92' lang='lat' dir='ltr'>qui</span> <span class='ocrx_word' id='word_1_219' title='bbox 569 3889 630 3930; x_wconf 86' lang='lat' dir='ltr'>curet</span> <span class='ocrx_word' id='word_1_220' title='bbox 660 3897 751 3930; x_wconf 78' lang='lat' dir='ltr'>nsanos.</span> <span class='ocrx_word' id='word_1_221' title='bbox 935 3916 940 3926; x_wconf 94' lang='lat'>.</span> 
     </span>
     <span class='ocr_line' id='line_1_35' title="bbox 90 3940 1089 4012; baseline 0.002 -17"><span class='ocrx_word' id='word_1_222' title='bbox 90 3940 258 3996; x_wconf 65' lang='lat' dir='ltr'>meuluvellube.</span> <span class='ocrx_word' id='word_1_223' title='bbox 692 3950 786 3996; x_wconf 72' lang='lat' dir='ltr'>Securos</span> <span class='ocrx_word' id='word_1_224' title='bbox 796 3948 863 3995; x_wconf 91' lang='lat' dir='ltr'>modo</span> <span class='ocrx_word' id='word_1_225' title='bbox 874 3963 915 4010; x_wconf 88' lang='lat' dir='ltr'>pro</span> <span class='ocrx_word' id='word_1_226' title='bbox 917 3948 996 4012; x_wconf 81' lang='lat' dir='ltr'>fasces</span> <span class='ocrx_word' id='word_1_227' title='bbox 1006 3949 1089 4011; x_wconf 85' lang='lat' dir='ltr'>posuit.</span> 
     </span>
     <span class='ocr_line' id='line_1_36' title="bbox 109 4003 1238 4076; baseline 0 -16"><span class='ocrx_word' id='word_1_228' title='bbox 109 4003 131 4049; x_wconf 76' lang='lat'>⁴³</span> <span class='ocrx_word' id='word_1_229' title='bbox 143 4007 255 4068; x_wconf 68' lang='lat' dir='ltr'>Durnm,·</span> <span class='ocrx_word' id='word_1_230' title='bbox 274 4015 299 4063; x_wconf 81' lang='lat' dir='ltr'>h.</span> <span class='ocrx_word' id='word_1_231' title='bbox 310 4031 332 4062; x_wconf 90' lang='lat' dir='ltr'>e.</span> <span class='ocrx_word' id='word_1_232' title='bbox 342 4020 480 4069; x_wconf 88' lang='lat' dir='ltr'>ostensurus,</span> <span class='ocrx_word' id='word_1_233' title='bbox 491 4012 529 4060; x_wconf 85' lang='lat' dir='ltr'>vel</span> <span class='ocrx_word' id='word_1_234' title='bbox 545 4027 628 4076; x_wconf 80' lang='lat' dir='ltr'>reprae-</span> <span class='ocrx_word' id='word_1_235' title='bbox 691 4015 723 4058; x_wconf 83' lang='lat'>55</span> <span class='ocrx_word' id='word_1_236' title='bbox 741 4011 846 4060; x_wconf 90' lang='lat' dir='ltr'>Deorum</span> <span class='ocrx_word' id='word_1_237' title='bbox 855 4020 1036 4074; x_wconf 77' lang='lat' dir='ltr'>erantresponsu.</span> <span class='ocrx_word' id='word_1_238' title='bbox 1052 4015 1089 4061; x_wconf 86' lang='lat' dir='ltr'>Sic</span> <span class='ocrx_word' id='word_1_239' title='bbox 1098 4019 1121 4060; x_wconf 87' lang='lat' dir='ltr'>et</span> <span class='ocrx_word' id='word_1_240' title='bbox 1127 4013 1238 4076; x_wconf 75' lang='lat' dir='ltr'>Virgilius</span> 
     </span>
     <span class='ocr_line' id='line_1_37' title="bbox 90 4071 1237 4139; baseline 0.009 -21"><span class='ocrx_word' id='word_1_241' title='bbox 90 4071 191 4120; x_wconf 59' lang='lat' dir='ltr'>lenlaturus.</span> <span class='ocrx_word' id='word_1_242' title='bbox 658 4077 763 4139; x_wconf 87' lang='lat' dir='ltr'>protulit:</span> <span class='ocrx_word' id='word_1_243' title='bbox 786 4079 833 4125; x_wconf 84' lang='lat' dir='ltr'>Hic</span> <span class='ocrx_word' id='word_1_244' title='bbox 854 4079 910 4125; x_wconf 72' lang='lat' dir='ltr'>mdiu*</span> <span class='ocrx_word' id='word_1_245' title='bbox 927 4094 1059 4139; x_wconf 67' lang='lat' dir='ltr'>reponsum</span> <span class='ocrx_word' id='word_1_246' title='bbox 1072 4081 1237 4139; x_wconf 65' lang='lat' dir='ltr'>pumusdedtr</span> 
     </span>
     <span class='ocr_line' id='line_1_38' title="bbox 110 4130 794 4204; baseline 0.006 -19"><span class='ocrx_word' id='word_1_247' title='bbox 110 4130 133 4176; x_wconf 59' lang='grc' dir='ltr'><em>Ἀ</em></span> <span class='ocrx_word' id='word_1_248' title='bbox 145 4136 223 4186; x_wconf 72' lang='lat' dir='ltr'>Botere</span> <span class='ocrx_word' id='word_1_249' title='bbox 232 4157 273 4204; x_wconf 90' lang='lat' dir='ltr'>pro</span> <span class='ocrx_word' id='word_1_250' title='bbox 283 4143 378 4192; x_wconf 80' lang='lat' dir='ltr'>amissis.</span> <span class='ocrx_word' id='word_1_251' title='bbox 658 4143 694 4189; x_wconf 77' lang='lat' dir='ltr'>ille</span> <span class='ocrx_word' id='word_1_252' title='bbox 700 4143 794 4202; x_wconf 76' lang='lat' dir='ltr'>petenti.</span> 
     </span>
     <span class='ocr_line' id='line_1_39' title="bbox 110 4195 1237 4268; baseline 0.014 -28"><span class='ocrx_word' id='word_1_253' title='bbox 110 4195 132 4240; x_wconf 84' lang='lat' dir='ltr'>n</span> <span class='ocrx_word' id='word_1_254' title='bbox 144 4197 220 4250; x_wconf 84' lang='lat' dir='ltr'>Notum</span> <span class='ocrx_word' id='word_1_255' title='bbox 227 4215 261 4253; x_wconf 87' lang='lat' dir='ltr'>est</span> <span class='ocrx_word' id='word_1_256' title='bbox 269 4208 331 4256; x_wconf 75' lang='lat' dir='ltr'>albas</span> <span class='ocrx_word' id='word_1_257' title='bbox 339 4208 422 4255; x_wconf 81' lang='lat' dir='ltr'>hostias</span> <span class='ocrx_word' id='word_1_258' title='bbox 436 4207 477 4254; x_wconf 88' lang='lat' dir='ltr'>diis</span> <span class='ocrx_word' id='word_1_259' title='bbox 488 4205 573 4268; x_wconf 86' lang='lat' dir='ltr'>superis</span> <span class='ocrx_word' id='word_1_260' title='bbox 583 4205 627 4253; x_wconf 91' lang='lat' dir='ltr'>im·</span> <span class='ocrx_word' id='word_1_261' title='bbox 691 4209 723 4254; x_wconf 73' lang='lat'>57</span> <span class='ocrx_word' id='word_1_262' title='bbox 740 4208 815 4264; x_wconf 69' lang='lat' dir='ltr'>ntus,</span> <span class='ocrx_word' id='word_1_263' title='bbox 828 4208 885 4262; x_wconf 79' lang='lat' dir='ltr'>Pae,</span> <span class='ocrx_word' id='word_1_264' title='bbox 902 4208 991 4263; x_wconf 80' lang='lat' dir='ltr'>Honor,</span> <span class='ocrx_word' id='word_1_265' title='bbox 1009 4207 1089 4253; x_wconf 80' lang='lat' dir='ltr'>Pudor</span> <span class='ocrx_word' id='word_1_266' title='bbox 1107 4211 1131 4253; x_wconf 90' lang='lat' dir='ltr'>et</span> <span class='ocrx_word' id='word_1_267' title='bbox 1153 4207 1237 4265; x_wconf 67' lang='lat' dir='ltr'>Verus,</span> 
     </span>
     <span class='ocr_line' id='line_1_40' title="bbox 91 4256 1239 4335; baseline 0.007 -21"><span class='ocrx_word' id='word_1_268' title='bbox 91 4256 146 4305; x_wconf 71' lang='lat' dir='ltr'>nelei</span> <span class='ocrx_word' id='word_1_269' title='bbox 154 4271 291 4327; x_wconf 81' lang='lat' dir='ltr'>oonsuevisse,</span> <span class='ocrx_word' id='word_1_270' title='bbox 303 4280 330 4321; x_wconf 85' lang='lat' dir='ltr'>ut</span> <span class='ocrx_word' id='word_1_271' title='bbox 341 4273 417 4335; x_wconf 85' lang='lat' dir='ltr'>nigras</span> <span class='ocrx_word' id='word_1_272' title='bbox 427 4271 511 4319; x_wconf 88' lang='lat' dir='ltr'>inferis.</span> <span class='ocrx_word' id='word_1_273' title='bbox 658 4271 731 4318; x_wconf 85' lang='lat' dir='ltr'>ferreo</span> <span class='ocrx_word' id='word_1_274' title='bbox 747 4273 831 4322; x_wconf 73' lang='lat' dir='ltr'>saeculo</span> <span class='ocrx_word' id='word_1_275' title='bbox 840 4287 884 4320; x_wconf 80' lang='lat' dir='ltr'>uus</span> <span class='ocrx_word' id='word_1_276' title='bbox 895 4287 946 4322; x_wconf 88' lang='lat' dir='ltr'>curn</span> <span class='ocrx_word' id='word_1_277' title='bbox 958 4272 1042 4320; x_wconf 87' lang='lat' dir='ltr'>Astrea</span> <span class='ocrx_word' id='word_1_278' title='bbox 1052 4270 1076 4316; x_wconf 83' lang='lat' dir='ltr'>iu</span> <span class='ocrx_word' id='word_1_279' title='bbox 1087 4271 1170 4319; x_wconf 85' lang='lat' dir='ltr'>eoelum</span> <span class='ocrx_word' id='word_1_280' title='bbox 1181 4287 1239 4322; x_wconf 77' lang='lat' dir='ltr'>evo-</span> 
     </span>
     <span class='ocr_line' id='line_1_41' title="bbox 112 4323 767 4400; baseline 0.011 -20"><span class='ocrx_word' id='word_1_281' title='bbox 112 4323 133 4368; x_wconf 83' lang='lat' dir='ltr'>tl</span> <span class='ocrx_word' id='word_1_282' title='bbox 146 4328 237 4380; x_wconf 73' lang='lat' dir='ltr'>Bellorue</span> <span class='ocrx_word' id='word_1_283' title='bbox 251 4338 333 4396; x_wconf 66' lang='lat' dir='ltr'>prim</span> <span class='ocrx_word' id='word_1_284' title='bbox 353 4339 377 4384; x_wconf 89' lang='lat' dir='ltr'>b.</span> <span class='ocrx_word' id='word_1_285' title='bbox 393 4353 414 4386; x_wconf 88' lang='lat' dir='ltr'>e.</span> <span class='ocrx_word' id='word_1_286' title='bbox 431 4343 548 4400; x_wconf 84' lang='lat' dir='ltr'>postquam</span> <span class='ocrx_word' id='word_1_287' title='bbox 567 4335 626 4384; x_wconf 82' lang='lat' dir='ltr'>bello</span> <span class='ocrx_word' id='word_1_288' title='bbox 658 4337 767 4387; x_wconf 73' lang='lat' dir='ltr'>laverant.</span> 
     </span>
     <span class='ocr_line' id='line_1_42' title="bbox 91 4389 1088 4500; baseline 0.003 -55"><span class='ocrx_word' id='word_1_289' title='bbox 91 4389 161 4445; x_wconf 72' lang='lat' dir='ltr'>meru</span> <span class='ocrx_word' id='word_1_290' title='bbox 171 4398 279 4460; x_wconf 72' lang='lat' dir='ltr'>erasisset.</span> <span class='ocrx_word' id='word_1_291' title='bbox 294 4409 414 4452; x_wconf 81' lang='lat' dir='ltr'>contentus</span> <span class='ocrx_word' id='word_1_292' title='bbox 427 4399 528 4459; x_wconf 77' lang='lat' dir='ltr'>victoria,</span> <span class='ocrx_word' id='word_1_293' title='bbox 540 4407 627 4465; x_wconf 81' lang='lat' dir='ltr'>tempe-</span> <span class='ocrx_word' id='word_1_294' title='bbox 1018 4461 1038 4500; x_wconf 36' lang='grc' dir='ltr'><strong>ᾖ</strong></span> <span class='ocrx_word' id='word_1_295' title='bbox 1086 4475 1088 4480; x_wconf 19' lang='grc' dir='ltr'><strong><em>Δ</em></strong></span> 
     </span>
    </p>
   </div>
   <div class='ocr_carea' id='block_1_5' title="bbox 0 0 1486 5022">
    <p class='ocr_par' dir='ltr' id='par_1_5' title="bbox 0 0 1486 5022">
     <span class='ocr_line' id='line_1_43' title="bbox 0 0 1486 5022; baseline 0 1"><span class='ocrx_word' id='word_1_296' title='bbox 0 0 1486 5022; x_wconf 95' lang='lat' dir='ltr'> </span> 
     </span>
    </p>
   </div>
  </div>
 </body>
</html>
