2964 5022
561 329 603 405 Q.
627 321 834 392 HORATII
858 321 1028 389 FLAccl

332 501 474 567 Vidimus
488 502 604 567 flavum
619 499 773 576 Tiberim,
796 495 920 563 retortis

330 612 453 678 Littore
469 613 605 677 Etrusco
622 611 774 676 violenter
789 606 893 684 undis,

248 732 286 790 15
332 722 384 788 Ire
398 722 554 808 dejectum
569 732 773 786 monumenta
786 717 882 806 regis,

369 910 377 917 ss
508 831 704 918 Templaque
719 829 846 894 Vestae:

334 942 404 1008 Ilioe
423 943 500 1008 dum
514 967 549 1014 se
562 943 694 1007 nimium
708 938 853 1028 querenti

333 1056 436 1120 Jactat
451 1053 604 1130 ultorem3
626 1075 724 1140 vagus
745 1064 778 1116 et
791 1052 916 1116 sinistra

332 1165 465 1231 Labitur
480 1165 549 1250 ripa
565 1165 656 1250 (Jove
670 1186 736 1228 non
749 1163 917 1249 probante)
941 1185 978 1226 u-

247 1286 289 1342 20
506 1273 615 1339 xorius
630 1273 741 1342 amnis.

336 1388 455 1453 Audiet
469 1387 551 1451 cives
573 1387 693 1450 acuisse
706 1385 835 1462 ferrum,

337 1498 413 1575 Quo
425 1519 536 1585 greum
552 1497 659 1564 Persae
674 1495 784 1560 melius
798 1493 955 1580 perirent:

334 1608 454 1673 Audiet
467 1629 600 1694 pugnas,
615 1605 690 1670 vitio
702 1617 870 1691 parentum

510 1717 597 1782 Rara
606 1717 764 1802 juventus.

249 1839 291 1897 25
336 1830 442 1907 Quem
457 1838 547 1893 vocet
561 1825 668 1890 divum
682 1825 818 1911 populus
841 1825 959 1888 ruentis

339 1938 457 2027 Imperi
471 1935 589 2004 rebus?
610 1958 703 2022 prece
718 1959 781 2024 qua
793 1934 924 2022 fatigent

336 2051 484 2139 Virgines
499 2059 615 2113 sanctae
628 2047 733 2110 minus
748 2045 926 2110 audientem

510 2157 659 2223 Carmina
677 2153 831 2220 Vestam?

340 2274 402 2340 Cui
415 2271 503 2337 dabit
513 2281 617 2355 partes
632 2266 733 2332 scelus
747 2263 897 2350 expiandi
968 2317 973 2322 .

253 2395 294 2450 30
337 2379 485 2469 Jupiter?
506 2378 633 2444 tandem
649 2377 764 2454 venias,
786 2395 962 2461 precamur,

338 2493 432 2558 Nube
446 2489 615 2556 candentes
629 2487 777 2552 humeros
791 2485 933 2564 amictus,

513 2602 628 2686 Augur
643 2595 771 2682 Apollo.
795 2659 799 2670 ,

244 2894 275 2940 15
291 2890 407 2955 disJectunr
429 2889 489 2938 Can.
506 2903 533 2936 er
553 2887 622 2934 Msa
686 2887 718 2933 29
736 2882 781 2934 Cui
801 2885 861 2932 dabit
884 2885 941 2948 porti
964 2900 996 2933 sc.
1012 2887 1146 2949 expiandum
1165 2890 1218 2938 Ms.
1237 2860 1330 2939 ¹lteram·
1347 2889 1380 2942 C.

539 2955 570 2999 31
590 2949 702 3000 Gaudenti
712 2951 743 2998 al.
753 2949 868 2998 candentis
878 2952 947 2998 etium
957 2951 1006 2999 roll.
1016 2953 1067 3000 aar.

247 3225 278 3270 18
299 3220 464 3270 Mamaea
475 3219 546 3266 colom
555 3219 611 3265 timi.
855 3221 884 3265 19
902 3217 960 3266 Erat
982 3219 1033 3268 urbs
1050 3218 1126 3268 Roma
1144 3221 1168 3268 iu
1186 3219 1253 3270 Jovis
1271 3219 1397 3284 Capitolini

248 3287 358 3333 1th
370 3286 498 3332 Etmscum
505 3283 543 3330 vel
549 3283 616 3330 maris
623 3280 688 3330 inseri
700 3297 719 3328 s.
726 3279 788 3342 Tyr-
821 3283 898 3330 tutela.

214 3351 349 3412 rhentcujua
357 3349 439 3396 fluetus
450 3349 478 3396 ab
488 3348 576 3395 Austro
587 3346 694 3394 commoti
702 3347 787 3394 exitum
852 3350 892 3394 at·
901 3346 1010 3410 Figurate
1019 3350 1132 3398 Juventus
1142 3365 1183 3412 pro
1194 3350 1322 3411 posteritas.

214 3431 261 3463 nou
272 3415 326 3462 dant
341 3413 490 3462 defluentibus
501 3413 573 3469 undis,
585 3420 608 3460 et
619 3412 651 3458 sic
662 3426 700 3458 eas
716 3418 788 3459 retor-
852 3415 884 3460 28
902 3411 984 3474 Ignem
995 3413 1127 3476 Trojtsnum,
1145 3430 1212 3476 quem
1224 3414 1312 3462 AEneas
1324 3413 1396 3462 Latio

214 3487 291 3542 quent.
820 3477 1025 3532 sacumintulitet
1042 3493 1127 3540 exque
1137 3479 1209 3526 latum
1220 3481 1287 3543 huJ'us
1298 3480 1359 3526 urbis
1371 3488 1397 3527 et
1475 3493 1476 3524 3

249 3547 278 3591 lb
297 3544 393 3604 Regiam
409 3543 462 3590 dicit
479 3542 569 3590 Numa
580 3541 686 3601 Pompdii
702 3541 742 3603 qai
757 3542 788 3587 ud
820 3541 906 3603 imperii
917 3541 1033 3603 pendebat.
1065 3542 1142 3590 Divus
1157 3543 1232 3592 Julius
1249 3551 1297 3590 erat
1313 3543 1397 3592 Vestra
1475 3539 1476 3575 l

220 3611 309 3656 Vestam
319 3609 397 3656 lubuit
406 3608 500 3667 regiam.
517 3607 644 3654 Dicebatur
655 3606 739 3653 Tiberis
746 3620 789 3666 per
821 3606 932 3653 sacerdos.
960 3607 1000 3652 Ne
1009 3607 1094 3663 dudda,
1105 3621 1170 3655 meras
1176 3608 1274 3672 illestsit,
1285 3623 1351 3656 metra
1357 3611 1396 3656 itte

215 3676 369 3721 naamam
389 3672 613 3725 tabrdwmearam,
635 3685 688 3732 quoe
708 3671 789 3730 templo
822 3673 944 3726 Sam,-
961 3673 1396 3732 Sucrilegoetelismepetimnmnua.
1474 3683 1475 3734 g

220 3740 290 3785 Vettoe
302 3735 451 3798 jungamur.
483 3737 531 3782 Hac
551 3737 613 3782 locus
633 3736 732 3794 eugeus,
749 3737 790 3796 qui
821 3733 889 3781 ond.
901 3733 962 3782 Fast.
973 3738 996 3782 3.
1007 3738 1063 3786 699.
1102 3736 1176 3784 Vesta
1194 3737 1269 3798 itaque
1289 3737 1395 3800 indigna-

213 3803 308 3850 amnes
322 3803 382 3848 aesta
398 3803 473 3855 Vertoe,
490 3802 558 3847 Tunc
567 3808 616 3846 erut
630 3801 714 3846 imonsi
728 3800 790 3859 regia
820 3800 885 3846 batur
893 3800 978 3846 caedenr
988 3798 1092 3853 Caesaris,
1104 3801 1198 3848 sednon
1209 3802 1284 3848 minua
1294 3802 1396 3864 graviter

214 3867 405 3926 mgrmNamae.
438 3863 505 3912 Ovid.
513 3863 694 3911 rotvnasa.
821 3863 905 3911 ferebat
915 3865 1027 3911 exhauriri
1043 3866 1140 3914 eantur
1150 3867 1236 3922 urbem,
1252 3881 1301 3914 sua
1317 3866 1395 3914 tutelae
1473 3885 1474 3922 l

250 3933 279 3976 17
297 3929 389 3978 Fabulre
406 3929 482 3976 lerunt
501 3928 566 3976 Iliam
587 3929 691 3991 nupsisse
706 3928 790 3975 Anieni
822 3928 1008 3976 commendaturi.

216 3995 310 4049 flumini,
321 4010 388 4055 quern
405 4003 428 4040 et
441 3993 572 4040 Tiberinum
588 3995 704 4048 vocabant,
723 3993 790 4040 hodie
854 3995 970 4041 29'Scelus
978 3995 1071 4054 captore,
1082 4010 1200 4056 purgarea
1212 3995 1301 4050 scelere,
1313 3995 1341 4042 ab
1351 3995 1394 4041 irn-

215 4059 337 4106 'Ilverona
365 4058 445 4106 Paullo
467 4073 534 4120 supra
550 4058 682 4106 Romame
700 4058 790 4104 sinistra
821 4058 903 4120 pietate
926 4058 1034 4105 bellorum
1057 4059 1162 4113 civilium,
1183 4060 1350 4120 rempublicam,
1371 4068 1404 4107 et'
1472 4085 1473 4096 κ

214 4125 308 4172 veniens
336 4123 404 4178 Anio,
433 4123 509 4170 'liberi
529 4123 666 4170 infunditur.
711 4122 790 4169 Potuit
821 4123 1188 4184 pacefirrnareatqueconcordia.
1220 4123 1281 4170 Haec
1295 4139 1392 4172 sescum

215 4205 272 4250 ergo
278 4189 388 4236 Horatius
394 4188 673 4250 ipsumquoqueTiberim,
687 4195 789 4249 respectu
822 4188 925 4234 humanis
936 4187 1020 4235 viribus
1037 4189 1108 4251 major
1118 4189 1226 4244 videatur,
1243 4188 1335 4235 deorum
1354 4189 1393 4235 ali-

217 4252 274 4306 lliae,
282 4254 360 4299 matris
368 4252 461 4299 Romuli
469 4261 491 4299 et
499 4253 575 4308 Remi,
583 4254 689 4300 uxorium
696 4267 789 4298 amnem
821 4252 858 4298 cui
870 4252 985 4314 negotium
998 4253 1030 4298 uti
1041 4253 1078 4299 det
1088 4252 1183 4315 Jupiter,
1195 4260 1277 4315 rogant
1288 4251 1393 4301 Romani.
1469 4267 1472 4302 «1

216 4316 306 4370 vocare.
337 4319 448 4366 Nrmiam
458 4317 541 4379 jactat,
557 4333 603 4365 non
619 4318 719 4364 rrimium
734 4331 790 4377 que·
822 4315 929 4378 Denique
945 4332 972 4363 eo
989 4317 1085 4372 devenit,
1105 4327 1130 4364 ut
1141 4317 1282 4364 Mercurium
1304 4319 1391 4366 delites·

216 4383 291 4430 reat.-
304 4381 454 4458 'Querebatur
464 4385 491 4430 de
501 4392 572 4432 marte
585 4383 683 4438 conns,
695 4382 790 4429 latuistis
821 4396 872 4429 cere
883 4381 942 4452 dicat
953 4382 994 4429 sub
1005 4380 1077 4446 ligura
1091 4381 1189 4432 casaris
1201 4382 1311 4446 Augusti.

218 4461 266 4496 ntae
276 4462 373 4506 ongrnu.
388 4504 391 4512 Ι
