2964 5022
567 339 610 415 Q.
633 334 841 404 HORATII
864 329 1035 446 Flacci

368 491 813 606 Rhammanitae

409 622 579 710 Unguibus
593 620 798 709 horribilique
810 619 910 696 mala3
998 648 1000 652 ·

238 743 278 800 25
323 733 524 821 Quanquam,
539 733 662 798 choreis
670 732 779 818 aptior
792 743 824 796 et
833 730 915 818 jocis

322 843 479 930 Ludoquc
493 843 605 923 dictus,
621 865 686 907 non
700 853 749 908 sat
762 841 894 906 idoneus

366 953 488 1041 Pugnae
502 953 650 1020 serebatis
659 978 668 1032 3
688 951 749 1018 sed
760 951 845 1016 idem

414 1066 504 1131 Pacis
519 1087 588 1130 eras
602 1063 786 1150 mediusque
799 1061 884 1126 belli.

326 1177 375 1242 Te
389 1175 468 1241 vidit
481 1176 587 1239 insons
604 1173 761 1239 Cerberus
776 1193 873 1237 aureo
925 1215 926 1218 =

237 1300 279 1356 30
324 1289 433 1353 Cornu
448 1285 608 1364 decorum,
625 1285 737 1350 leniter
750 1296 887 1350 atterens

365 1395 517 1474 Caudam,
534 1406 566 1460 et
578 1394 752 1461 recedentis
764 1395 904 1483 trilingui
936 1480 938 1484 .

407 1509 473 1574 Orc
486 1507 583 1594 pedes
597 1506 760 1593 tetigitque
774 1528 877 1570 crura.

189 1703 223 1748 23
239 1697 353 1747 Rhoecum
364 1701 433 1746 Bari.
443 1713 462 1745 c.
473 1696 607 1758 quibusdam
621 1695 778 1742 recedicrihus
787 1695 838 1740 edd.
850 1695 888 1740 sed
904 1693 992 1742 redimi
1008 1694 1152 1756 scripturam,
1172 1709 1243 1757 quam
1256 1693 1394 1741 Bentleius
1479 1659 1480 1720 i

221 1765 400 1878 sqetigmdqfenditr
418 1764 448 1828 cs.
463 1762 526 1826 irffra
536 1761 674 1808 Imaus.
737 1758 769 1806 et
785 1757 895 1806 horribilis
912 1758 972 1821 corii.
988 1759 1066 1808 naar.
1129 1762 1159 1809 31
1178 1767 1202 1808 et
1220 1760 1304 1808 umidis
1324 1759 1393 1806 MS.

615 2292 617 2294 v
651 2187 778 2270 onn
808 2189 908 2272 xx,

619 2351 674 2450 bl)
691 2399 934 2452 MAECENATEM.

636 2569 740 2621 Metram
756 2576 783 2618 ut
798 2571 824 2616 ia
835 2570 921 2630 mara.

315 2732 396 2800 Non
410 2732 522 2798 usitata
536 2754 595 2797 nec
609 2733 697 2798 tenui
710 2733 792 2799 ferar

314 2843 424 2928 Penna
437 2842 577 2908 biformis
592 2865 649 2928 per
663 2843 817 2930 liquidum
831 2843 950 2908 aethere
1051 2850 1054 2856 '

355 2953 470 3030 Vates3
493 2976 594 3041 neque
610 2953 641 3017 in
657 2954 747 3018 terris
762 2952 910 3018 morabor

396 3059 557 3152 Longius3
580 3063 757 3150 invidiaque
772 3067 872 3152 major

225 3295 244 3352 5
311 3284 417 3352 Urbes
432 3283 617 3371 relinquam.
662 3283 738 3350 Non
753 3309 813 3374 ego
827 3307 1005 3372 pauperum

275 3489 277 3496 γ
312 3395 446 3483 Sanguis
461 3407 637 3480 parentum,
652 3417 718 3460 non
732 3418 803 3484 ego,
819 3419 913 3484 quem
928 3418 1032 3472 vocas,

182 3587 194 3630 1
213 3585 260 3631 Pru
272 3583 328 3632 Non
338 3585 432 3646 quidam
443 3585 511 3633 MSS.
522 3584 581 3632 Nec.
615 3583 646 3632 G.
689 3586 733 3633 Sed
749 3601 775 3632 ee
790 3561 1042 3632 connumerantes
1057 3583 1196 3632 aliiedidere
1212 3585 1311 3636 Nonus.
1324 3603 1372 3636 nun

245 3651 314 3698 tenui.
345 3649 373 3698 Z.
436 3653 453 3697 3
470 3657 528 3697 terra
539 3651 607 3700 MSS.
617 3651 686 3698 dmm
697 3651 769 3698 Brcd.
801 3652 1004 3698 remandaturi.
1035 3652 1050 3696 6
1067 3658 1150 3697 vocant
1160 3651 1305 3713 conspuerat.
1420 3656 1426 3664 “

211 3817 243 3862 28
261 3814 289 3862 In
302 3815 491 3878 Gigantomachie
502 3815 606 3863 Bacchus
621 3831 645 3862 se
661 3814 757 3862 mutavit
821 3817 852 3862 30
871 3813 983 3864 Cerberus
994 3814 1075 3863 dlcitur
1085 3815 1167 3880 triceps
1177 3815 1254 3864 inisse.

177 3881 201 3926 in
210 3881 304 3936 leonem,
318 3897 361 3942 qua
372 3880 444 3928 forma
455 3881 559 3944 gigantes
571 3881 713 3944 profligavit:
734 3882 756 3928 h.

178 3961 198 3993 e.
221 3945 260 3992 Sol
271 3946 294 3991 in
304 3946 371 3992 leone
381 3945 469 4008 fugavit
479 3953 560 3992 ventos
571 3953 594 3992 et
604 3944 722 4008 procellas

210 4013 241 4058 28
259 4009 314 4057 Hoc
325 4017 366 4066 est,
383 4011 442 4058 Tam
456 4011 658 4072 belliquampucir
670 4017 756 4070 potens.
906 4043 909 4048 -
1004 4007 1076 4056 ODE
1094 4009 1153 4058 XX.

178 4073 226 4122 Hic
245 4083 268 4122 et
281 4091 337 4122 mox
347 4092 370 4123 v.
381 4077 420 4122 32.
436 4076 546 4138 illudque
561 4075 658 4122 indicare
668 4075 757 4123 videtur

177 4142 323 4202 repetendum
335 4157 384 4188 esse
396 4142 495 4195 verbum,
508 4141 543 4187 cui
555 4141 691 4204 adjungitur,
708 4155 756 4186 me-
823 4142 834 4185 l
854 4141 911 4187 Non
932 4140 1016 4186 aniate
1032 4139 1094 4194 dixit,
1112 4139 1141 4186 ob
1160 4154 1245 4186 novum
1262 4140 1367 4188 carminis

176 4205 228 4251 dius
244 4208 381 4268 mediusque,
392 4207 462 4267 tetigit
474 4207 594 4268 tetigitque.
617 4205 654 4252 sic
665 4219 720 4252 mox
731 4207 754 4268 3.
786 4220 867 4268 genus.

179 4271 200 4316 1.
211 4271 248 4315 12.
259 4274 281 4317 3.
292 4273 314 4317 t.
327 4273 364 4319 11.
375 4272 400 4319 it.
413 4269 466 4319 Cer.
478 4270 536 4318 Saec.
544 4287 567 4318 v.
578 4273 617 4318 22.
663 4271 665 4276 ’
820 4273 835 4316 2
853 4269 966 4334 Reseratis,
975 4269 1057 4330 duplici
1067 4269 1147 4325 forma,
1153 4269 1251 4316 hominis
1259 4277 1282 4316 et
1290 4271 1365 4334 cygni,

208 4336 240 4380 29
257 4336 346 4390 Iasum,
358 4338 418 4397 quod
428 4351 507 4383 nocere
517 4351 564 4383 non
576 4337 659 4396 potui.
787 4335 903 4398 praeditus.
935 4335 1070 4395 Liquidum,
1083 4350 1173 4396 purum.
1271 4351 1275 4360 ·

208 4398 303 4446 Iaeader
310 4407 404 4448 atterere
415 4403 513 4450 caudam
522 4407 557 4449 est
568 4416 614 4449 uno
622 4401 756 4449 verboedu·
821 4403 836 4446 ὅ
855 4401 990 4460 Pauper-am
995 4421 1005 4456 ,·
1029 4401 1103 4455 Queat
1114 4402 1200 4450 rodunt
1210 4415 1287 4448 omnes
1302 4401 1366 4448 iiber·

176 4464 228 4510 luri.
789 4467 910 4526 tinopatre
920 4472 1011 4512 natum.
