2964 5022
409 343 676 411 CARMINUM
699 343 775 408 Lru.
798 341 825 406 1.
851 347 899 406 12.

182 517 287 586 Unde
301 519 345 583 nil
360 523 459 607 majus
470 529 644 608 -geueratur
658 517 738 604 ipso,

183 631 257 696 Nec
273 631 358 718 viget
371 631 543 718 quidquam
558 628 669 706 simile,
686 639 741 691 aut
758 623 943 691 secundum.

180 740 355 805 Proximos
366 741 411 804 illi
421 753 528 806 tamen
539 739 705 826 occupavit

35 869 36 874 ’
104 865 141 919 20
360 852 464 917 Pallas
479 852 627 916 honores.

181 963 312 1028 Proeliis
327 962 433 1028 audax
447 985 551 1049 neque
566 975 596 1026 te
612 961 712 1026 silebo
814 1019 816 1024 ,

181 1073 302 1150 Liber;
324 1085 357 1138 et
368 1075 459 1138 soevis
473 1073 600 1138 inimice
614 1073 704 1160 virgo

181 1183 326 1262 Belluis3
346 1197 462 1263 necte,
478 1185 646 1250 metuende
657 1198 744 1249 certa

365 1294 488 1360 Phoebe
499 1295 620 1382 sagitta.

108 1413 143 1470 25
181 1405 302 1474 Dicam
316 1419 349 1472 et
363 1406 509 1484 Alciden,
524 1426 704 1492 puerosque
719 1403 835 1480 Ledae3

184 1511 289 1582 Hunc
304 1518 404 1605 equis,
420 1517 510 1580 illum
525 1537 674 1602 superare
688 1516 805 1602 pugnis

184 1627 356 1692 Nobilem:
373 1649 509 1715 quorum
524 1627 617 1692 simul
632 1627 704 1692 olba
717 1627 820 1692 nautis

367 1738 464 1804 Stella
479 1737 610 1816 refulsit,

184 1850 313 1916 Defluit
326 1849 411 1915 suxis
426 1849 560 1938 agitatus
575 1849 709 1914 humor:

111 1973 146 2028 30
185 1961 372 2028 concidunt
385 1944 480 2040 ienti,
496 1960 683 2049 fugiuntque
697 1960 808 2040 nubes,

184 2071 228 2139 Et
241 2073 355 2138 minax
371 2073 470 2160 (quod
485 2072 530 2137 sic
544 2071 686 2152 voluere)
701 2083 801 2158 ponto

367 2184 464 2252 Unda
479 2184 644 2250 recumbit.

185 2299 364 2364 Romulum
377 2309 452 2384 post
464 2297 523 2362 hos
531 2297 631 2383 prius,
644 2317 685 2362 an
700 2299 842 2384 quletum

189 2408 331 2495 Pompili
345 2431 480 2495 regnum
493 2429 677 2488 memorem,
693 2429 735 2472 an
749 2407 902 2494 superbos

114 2527 147 2584 35
186 2517 346 2608 Tarquini
359 2519 469 2597 fasces,
484 2517 606 2596 dubito,
622 2539 664 2582 an
680 2517 810 2584 Catonis

361 2627 479 2693 Nobile
489 2628 597 2694 letum.
1028 2689 1029 2696 ,

189 2739 364 2827 Regulum,
379 2750 412 2803 et
427 2739 574 2831 Scauros,
589 2738 766 2826 animaeque
780 2760 905 2827 magnae
923 2740 931 2757 '

88 3074 108 3120 1⁹
120 3075 227 3140 occupabit,
238 3091 271 3126 sc.
280 3079 308 3126 ist
317 3077 359 3124 Itos
370 3077 479 3130 camnine,
495 3073 554 3138 corti
566 3075 673 3131 Puteani,
686 3073 768 3122 Hebes.
780 3075 852 3136 Παίς.
862 3081 884 3122 et
895 3075 981 3123 Daue.
1006 3072 1034 3122 Z.
1073 3075 1105 3122 28
1118 3071 1196 3124 sidera
1210 3074 1255 3124 tul-

395 3147 452 3204 gent
462 3139 527 3188 Fur.
559 3141 589 3188 31
608 3155 661 3188 nam
672 3140 705 3188 sic
716 3139 749 3188 L.
759 3141 806 3188 Bor
816 3155 842 3187 ee
852 3139 921 3189 MSS.

110 3437 132 3483 17
150 3439 210 3487 Unde
230 3441 259 3488 ud
278 3455 401 3504 personam
420 3439 521 3497 refertur,
538 3447 564 3488 ut
580 3443 643 3489 uude
707 3445 739 3489 26
757 3439 877 3504 Expressit
886 3438 1045 3498 Homericum,
1058 3438 1163 3505 [dreigai
1179 3439 1204 3488 θ’
1221 3437 1257 3488 isr-

88 3501 155 3558 puer,
171 3505 193 3552 id
207 3513 247 3562 est,
266 3521 328 3553 reus.
362 3505 402 3552 Ex
418 3503 479 3554 Jove
496 3508 553 3553 nihil
567 3505 644 3568 neojur
675 3502 772 3567 eiiam
791 3507 831 3552 sui
848 3505 892 3564 πὺξ
908 3505 998 3566 dyadis
1015 3501 1166 3552 nisibim.

89 3565 248 3626 bergamum.
282 3569 366 3632 Itaque
377 3571 437 3617 cavit
453 3571 493 3616 sibi
512 3571 644 3618 Promethei
707 3574 739 3618 27
757 3569 820 3618 Finis
831 3571 972 3632 tempestatis
991 3572 1145 3633 cujuscunque
1160 3570 1196 3616 hic
1208 3568 1256 3632 sig-

90 3632 176 3680 mortua
189 3634 291 3691 Thetide,
304 3636 342 3682 cui
360 3634 427 3682 fatale
438 3642 487 3682 erat
504 3653 582 3698 parere
600 3651 642 3684 suo
675 3643 747 3691 natur,
765 3651 832 3697 quem
848 3635 952 3683 adferunt
961 3635 1052 3700 frutice
1067 3636 1164 3684 Helene
1179 3636 1257 3683 lucida

91 3695 168 3752 genitore
180 3697 301 3749 fortiorem.
335 3697 462 3761 AEschylus
478 3699 556 3749 Prom.
570 3697 643 3748 Vinc-
675 3703 754 3757 uuna,
767 3701 792 3748 u't
803 3701 859 3746 dixit
871 3697 915 3748 Od
928 3703 949 3747 l.
960 3701 984 3747 8.
994 3703 1017 3748 2.
1033 3699 1119 3762 gemini
1134 3699 1166 3747 illi
1182 3701 1256 3762 ignes,

91 3763 306 3824 bulthslciisear'
315 3761 642 3832 ysaeuilaplgrsgoraearpie·
676 3767 736 3813 unde
757 3765 850 3830 eurique
872 3757 983 3813 vocuriiur
1000 3763 1094 3814 'Castor
1119 3772 1142 3812 et
1162 3763 1253 3812 Pollux.

115 3827 136 3874 18
154 3830 215 3889 Vrget,
223 3831 316 3878 excellit
326 3830 428 3894 potentia
439 3838 463 3878 et
473 3831 590 3894 dignitate.
676 3831 751 3880 utrum
766 3831 802 3878 hic
821 3829 875 3894 poni
892 3847 933 3893 pro
944 3831 1014 3878 simul
1027 3846 1062 3884 uc,
1080 3829 1145 3877 sucile
1158 3835 1256 3892 apparet,

103 3893 137 3962 Ι19
151 3895 259 3943 Pserimos
270 3897 299 3942 ob
311 3912 379 3942 usum
396 3893 497 3942 fulminis
508 3907 576 3958 atque
587 3897 644 3960 aegi-
677 3905 702 3944 ut
715 3900 736 3944 1.
747 3898 769 3943 4.
784 3899 820 3944 17.
831 3903 854 3942 et
865 3897 888 3942 4.
898 3899 922 3943 7.
936 3899 973 3942 10.
1005 3896 1065 3942 Alba
1076 3896 1137 3942 stella
1149 3894 1203 3942 felix
1215 3899 1256 3950 est,

93 3951 120 4007 lb
131 3958 198 4016 quibus
210 3961 287 4024 reliqui
298 3962 406 4008 coelestes
420 3976 466 4008 non
481 3970 546 4009 erant
557 3963 644 4010 armati.
676 3963 801 4024 praesertim
812 3961 841 4008 ad
852 3961 1001 4017 serenitatem,
1013 3961 1098 4007 hiemes
1112 3961 1192 4018 nigre.

94 4015 182 4070 Hesiodus
200 4023 289 4090 Tbeog.
307 4029 366 4074 896.
378 4025 438 4074 'lm
456 4024 554 4088 ixovrar
574 4027 645 4094 tarel
709 4031 741 4074 29
757 4027 865 4088 Agitatis
880 4028 963 4074 tumor
980 4041 1060 4090 spuma
1075 4032 1111 4072 est
1126 4021 1259 4072 alluctrbus

94 4081 182 4141 rheu>
188 4088 238 4152 isio
250 4109 287 4138 na
297 4089 391 4148 βσνλῆν.
675 4091 751 4140 allisit.

115 4151 138 4196 22
156 4154 219 4214 Virgo,
258 4155 434 4204 ianavenatrix.
707 4157 740 4205 st
756 4157 1029 4222 Superbossnwgnfficos.
1045 4153 1182 4216 Tarquinius
1194 4151 1259 4200 Pris-

115 4216 275 4288 {30qu
286 4237 405 4284 uunquam
415 4221 573 4272 aberretubeo
582 4221 643 4288 quod
675 4239 723 4279 eus,
741 4222 835 4270 devictis
855 4221 982 4277 Hetruscis,
1002 4219 1119 4268 duodecim
1139 4217 1257 4269 Hetruriae

97 4285 140 4336 llll·
676 4287 837 4338 Iaucumouum
853 4294 947 4350 sceptra,
965 4302 1017 4348 quae
1033 4292 1113 4348 postea
1128 4283 1201 4332 fasces
1215 4298 1258 4332 vo-

117 4346 140 4420 {5
156 4349 228 4398 &acu
243 4352 411 4414 consuetudine
426 4367 512 4418 pueros
523 4369 568 4418 pro
578 4353 645 4420 filiis.
676 4353 763 4409 cabant,
771 4353 866 4416 adeptus
874 4360 916 4400 est.
1250 4403 1252 4410 ,
1288 4381 1310 4411 ,f

100 4406 525 4482 wmflmuemlcoeinepotem.
709 4423 741 4468 37
758 4417 796 4466 M.
807 4417 914 4466 AErnilius
932 4415 1029 4464 Scaurus
1049 4413 1085 4464 vir
1109 4413 1259 4480 gravissime

678 4491 701 4534 et
722 4482 892 4551 potentissimus
914 4489 938 4534 et
957 4481 1067 4546 Princeps
1089 4481 1186 4534 Senatus
1207 4479 1259 4529 suit.

1009 4545 1083 4610 *ct
