2964 5022
406 291 672 368 CARMINUM
695 291 771 358 Lur.
795 290 841 358 11.
865 298 916 358 16.

526 655 655 739 ODE
685 653 804 740 XVI.

521 877 572 925 AD
590 875 796 928 GROSPHUM.

449 1080 453 1094 ..
526 1044 631 1092 Metram
646 1043 792 1104 Samma.

169 1247 174 1255 ·
195 1199 320 1266 Orruu
333 1199 421 1266 divos
435 1210 528 1286 rogat
541 1201 574 1264 in
588 1199 710 1286 patenti

197 1309 334 1376 Prousus
350 1311 475 1399 AEgaeo,
492 1309 585 1376 simul
599 1320 667 1374 atra
681 1297 782 1372 nubes

196 1420 348 1488 Condidit
362 1423 500 1501 Lunam,
515 1442 619 1508 neque
634 1431 721 1484 certa
734 1415 856 1506 fulgent

367 1531 479 1598 Sidera
493 1530 613 1607 nautis3

138 1650 155 1706 5
199 1641 308 1706 Otium
323 1641 406 1707 bello
421 1641 540 1706 furiosa
554 1640 691 1719 Thrace,

196 1751 306 1816 Otium
321 1751 414 1818 Medi
428 1752 577 1838 pharetra
593 1751 710 1829 decori,

196 1861 354 1948 Grospho,
369 1884 436 1927 non
450 1861 584 1950 gemmis
598 1884 701 1950 neque
716 1881 858 1948 purpura
872 1881 926 1924 ve-

363 1972 435 2036 nale
449 1994 509 2037 nec
522 1995 610 2038 auro.

197 2080 271 2144 Non
284 2081 368 2146 enim
382 2105 471 2170 gazae
485 2105 587 2170 neque
602 2081 775 2147 consularis

123 2196 157 2252 11)
198 2189 381 2256 Summovet
393 2191 485 2257 lictor
499 2193 631 2258 miseros
646 2193 799 2258 tumuitus

198 2297 327 2379 Mentis,
343 2312 376 2366 et
389 2323 480 2368 curas
495 2301 641 2395 laqueata
654 2302 774 2368 circum

366 2411 467 2478 Tecta
482 2401 633 2479 voluutas.

195 2519 319 2586 Vivitur
332 2545 433 2608 parvo
447 2523 537 2605 bene,
554 2526 606 2591 cui
619 2539 787 2611 paternum

137 2605 147 2628 ⁸
198 2631 348 2716 Splendet
361 2633 395 2696 in
410 2656 519 2700 mensa
532 2637 619 2701 tenui
634 2637 768 2701 salinum
779 2661 788 2712 ;

127 2747 157 2804 15
197 2740 266 2806 Nec
279 2741 364 2807 leves
379 2759 506 2810 somnos
521 2747 616 2812 timor
630 2757 685 2812 aut
698 2745 815 2832 cupido

371 2853 525 2928 Sordidus
540 2853 650 2922 aufert.
702 2876 704 2879 ·

199 2964 283 3042 Quid
297 2966 385 3030 brevi
399 2965 495 3032 fortes
504 2967 682 3054 jaculamur
696 2991 766 3034 aevo

198 3075 327 3142 Multa?
348 3073 424 3164 quid
439 3084 539 3142 terras
554 3077 615 3144 aiio
631 3078 767 3144 calentes

197 3187 268 3252 Sole
282 3187 468 3253 mutamus?
488 3187 600 3274 patriae
615 3188 684 3276 quis
700 3188 790 3252 exsul

125 3303 157 3360 20
372 3301 413 3366 Se
428 3321 554 3388 quoque
568 3297 671 3386 fugit?

100 3481 160 3531 lVid.
173 3495 214 3535 art.
280 3481 411 3538 2Presaus
427 3489 476 3536 coll.
493 3489 544 3536 Soa.
562 3488 638 3538 zara.
705 3474 814 3536 Slumen
830 3489 880 3537 coll·
895 3491 947 3538 Sor.
1010 3495 1117 3554 Bnaque
1131 3463 1216 3541 Ldmb.
1230 3500 1252 3540 et

206 3585 208 3588 -
284 3557 341 3603 Ian.
407 3557 436 3602 17
453 3569 506 3602 arcu
517 3552 668 3629 conj5Bartir.
701 3561 778 3601 sontes
788 3556 852 3602 codd.
865 3558 889 3604 3.
903 3571 941 3616 ap.
956 3556 1034 3605 Baua

268 3713 343 3762 ODE
360 3712 433 3761 XVI.
709 3715 736 3758 ll
756 3715 888 3762 Pendebam
911 3716 988 3778 lychni
1006 3717 1150 3779 humoribus
1170 3720 1254 3769 aureis.

108 3773 131 3842 ¹l
146 3773 212 3848 (ittam
221 3793 264 3826 nou
288 3778 370 3826 rectius
385 3777 498 3840 intelligas
515 3777 558 3833 hic,
576 3793 643 3839 quam
675 3777 758 3840 virgil.

710 3845 740 3954 u

101 3962 322 4033 amararum,
516 3940 523 3955 ‘
551 3940 558 3954 '
710 3973 741 4018 14
756 3941 866 4033 auaui,
878 3925 970 4036 dium
987 3983 1009 4024 a
1023 3943 1072 4024 iim
1085 3959 1251 4031 auarum

190 4035 194 4044 '
223 4038 227 4048 '
280 4040 285 4048 '
325 4038 330 4048 '
350 4036 448 4100 adoriar
462 4044 561 4097 merra.
592 4035 645 4084 No·
676 4035 778 4084 Persius·

104 4095 285 4202 ffimffigaeum
302 4117 367 4149 mare
382 4116 433 4148 asse
450 4101 554 4164 procellis
572 4100 645 4149 famo-
674 4103 960 4232 wiomafflmpuoedo
978 4107 1004 4152 in
1022 4121 1069 4168 qua
1086 4107 1129 4154 diis
1142 4109 1252 4168 priario

122 4223 237 4301 ¹21'rruuo,
254 4227 370 4294 significat
390 4230 450 4278 enim
472 4247 525 4279 eum
546 4231 578 4278 nil
599 4231 644 4279 tale
709 4233 738 4276 15
757 4229 846 4294 Cupido
859 4185 1022 4294 minim,
1033 4241 1055 4280 et
1065 4233 1133 4282 timor
1142 4249 1187 4298 pro
1201 4253 1253 4290 ιω.

106 4295 255 4352 pannagium
674 4297 734 4343 todia
744 4310 832 4344 aanor.

128 4351 148 4422 11
161 4351 249 4406 lictores
258 4359 435 4408 summovebant
450 4360 532 4417 turbas,
545 4360 592 4408 sive
602 4376 643 4424 po-
710 4363 739 4408 17
756 4361 860 4411 Jaoaan‘
874 4369 909 4410 eat
920 4362 948 4410 ad
958 4377 1051 4426 scopum
1063 4363 1158 4428 jactare.

107 4411 136 4467 1111
143 4419 238 4479 tumuitus,
248 4441 261 4474 e
273 4423 386 4475 Consulis
396 4424 440 4473 via.
