2964 5022
545 321 821 398 Q.·HORAT11
846 317 1017 387 FLACCI

266 522 270 530 ’
356 498 440 563 Cum
453 496 552 562 fracta
567 499 675 575 virtut,
691 508 724 561 et
737 497 876 560 minaces

396 609 508 694 Turpe
523 609 626 674 solum
640 611 771 696 tetigere
785 617 902 673 mento.

315 719 444 797 Sed'me
459 742 517 806 per
530 719 636 784 hostes
653 719 835 784 Mercurius
850 718 934 784 celer

313 831 425 896 Denso
439 844 605 916 paventem
621 829 745 895 sustulit
759 834 847 894 acre:

230 947 267 1003 15
355 939 404 1004 Te
419 963 528 1006 rursus
543 943 576 1006 in
591 942 709 1006 bellum
724 941 891 1004 resorbens

400 1050 497 1115 Unda
511 1051 598 1116 fretis
613 1052 684 1115 tulit
698 1051 851 1116 aestuosis.

312 1161 401 1249 Ergo
416 1161 587 1248 obligatam
601 1162 699 1226 redde
714 1163 786 1227 Jovi
801 1161 926 1246 dapem,

313 1271 488 1358 Longaque
503 1271 620 1336 fessum
635 1272 746 1336 militia
760 1272 841 1336 latus

138 1461 139 1466 ἵ
354 1381 491 1467 Depone
507 1382 565 1448 sub
580 1384 672 1448 lauru
686 1405 775 1460 mee3
799 1405 858 1447 nec

226 1497 268 1555 20
397 1492 498 1558 Parce
512 1493 597 1559 cadis
613 1495 669 1558 tibi
685 1494 856 1559 destinatis.

312 1591 477 1669 Obliuioso
491 1604 572 1670 levia
588 1605 727 1670 Massico

312 1712 442 1778 Ciboria
455 1716 566 1800 exple3
588 1715 685 1780 funde
699 1714 866 1799 capacibus

354 1824 527 1912 Unguenta
542 1826 582 1890 de
597 1824 735 1912 conchis.
760 1827 830 1912 quis
845 1825 910 1889 udo

399 1935 624 2022 Deproperare
638 1937 711 2020 apio
726 1958 862 2001 coronas·

225 2054 266 2113 25
312 2046 449 2111 Curatve
463 2046 591 2133 myrto?
613 2059 707 2133 quem
724 2045 833 2111 Venus
848 2046 1004 2111 arbitrum

308 2158 404 2224 Dicet
417 2156 572 2221 bibendi?
593 2178 658 2221 nou
673 2157 733 2243 e'go
748 2159 853 2222 sanius

353 2267 538 2334 Bacchabor
554 2268 693 2332 Edonis:
717 2281 844 2354 recepto

395 2377 500 2443 Dulce
514 2377 592 2442 mihi
606 2378 710 2443 furere
724 2391 772 2444 est
786 2380 897 2444 amico.

642 2545 674 2589 22
689 2541 778 2588 affunde
790 2543 843 2590 con.
854 2545 906 2591 Soc.

690 2765 861 2778 m

691 2779 861 2797 ῃ

628 2960 756 3044 ODE
790 2962 914 3044 VIII.

664 3149 703 3196 IN
720 3149 890 3200 BARINEN.

642 3293 748 3340 Metram
759 3293 904 3353 Sapphr'om.

311 3453 408 3521 Um
422 3455 449 3519 si
458 3455 539 3540 juris
554 3454 612 3518 tibi
625 3456 759 3541 pejerati

309 3565 420 3644 Poena,
437 3564 566 3642 Rarius,
582 3565 742 3629 nocuisset
755 3587 914 3652 unquam3

674 3721 693 3766 2
704 3717 791 3767 Varine
807 3721 867 3768 Gott.

177 3869 181 3882 ,
213 3836 242 3884 12
260 3833 379 3882 Homerici
399 3833 480 3882 heroes
500 3825 555 3881 dum
574 3833 658 3881 cadunt
672 3841 759 3881 terram
823 3837 856 3882 25
879 3835 990 3884 Vener-eus
997 3835 1078 3898 joctru
1087 3836 1114 3884 in
1130 3837 1181 3884 totu
1196 3851 1317 3886 mmmum
1326 3853 1372 3887 ηα-

180 3901 291 3948 mordent.
791 3897 882 3948 nurum
889 3899 959 3956 tcto,
970 3901 1042 3959 idest,
1053 3903 1221 3950 rotenorum.

213 3969 243 4012 18
260 3963 385 4012 Homenca
394 3963 490 4011 imitatio
500 3977 529 4010 ex
540 3961 605 4010 Iliad.
614 3971 639 4011 r.
649 3970 672 4012 et
684 3970 710 4010 E.
823 3969 856 4013 27
873 3966 952 4014 Edoni
958 3965 1050 4014 Thracii
1060 3968 1158 4030 generis.

213 4032 244 4076 14
261 4031 327 4085 Atre,
338 4045 381 4092 pro
389 4029 471 4077 nebule
482 4028 630 4081 Homericos·
823 4035 855 4078 28
872 4031 1066 4080 Anacreonticum
1081 4033 1137 4080 illud
1152 4034 1279 4096 expressitz
1305 4029 1372 4080 Θίλυ

213 4097 243 4141 15
261 4095 391 4150 namtas,
403 4095 537 4155 Metcphoru
547 4110 563 4140 a
576 4094 694 4156 Charybdi·
791 4092 856 4144 stru
865 4097 969 4158 μανῆναι.

212 4163 242 4207 17
258 4162 358 4222 Dapem,
374 4159 511 4224 promissum
532 4159 675 4207 redebitum
692 4159 760 4206 redde

178 4225 317 4272 convivium.
861 4241 864 4250 ·
999 4224 1073 4276 ODE
1092 4226 1166 4277 VIII.

210 4292 241 4338 al
262 4291 366 4338 Oblr'vioro
370 4311 380 4349 ,-
396 4307 440 4354 qno
451 4303 515 4338 curce
520 4290 649 4350 peditatus.

210 4357 243 4402 28
261 4355 362 4403 Onuba.
379 4355 474 4404 achinis
485 4369 514 4403 cx
525 4357 618 4404 conchis
626 4354 701 4402 ¹frictis.
826 4361 836 4403 l
862 4358 921 4416 Ulla,
933 4355 1104 4408 Diminutivum
1116 4367 1151 4408 est
1162 4361 1190 4408 ab
1200 4375 1258 4407 unu.

210 4421 243 4467 24
259 4420 423 4482 quroperorc.
464 4419 575 4472 Celeriter
603 4420 713 4470 conficere
741 4437 759 4468 s.

179 4492 276 4533 nectere.
