2954 5022
402 311 747 384 EPISTOLARUM
770 313 846 384 Lus.
869 315 897 380 l.
919 325 949 380 6.
1205 323 1267 383 alt

472 659 767 744 EPISTOLA
796 657 874 742 VI.

537 853 588 902 AD
605 852 805 905 NUMICIUM.

82 997 129 1043 Vita
139 998 209 1045 hoto
221 1006 306 1046 cmsstm
317 1007 462 1048 externorum
472 1009 596 1050 emenus.
622 1001 653 1050 B.
685 1002 807 1050 Numicius
822 1001 912 1050 videtur
922 1001 992 1048 homo
1002 999 1073 1050 fnisse
1083 1000 1107 1048 in
1118 1000 1172 1050 ritae
1182 1013 1268 1064 genere

107 1070 129 1108 et
139 1063 252 1110 instituto
261 1065 373 1126 probando
389 1080 416 1111 ac
432 1067 539 1113 sectando
555 1067 676 1115 admodum
691 1069 823 1116 inconstans
838 1075 862 1115 et
877 1081 990 1114 morosus.
1023 1065 1101 1120 Quare
1112 1065 1177 1114 docet
1189 1065 1268 1113 Hora·

108 1128 160 1182 tius,
182 1128 215 1174 ad
236 1129 286 1175 ritae
304 1130 485 1191 tranquillitatem
503 1132 616 1194 pertinere
635 1133 691 1180 nihil
708 1133 818 1188 admirari,
836 1148 877 1182 nee
894 1132 1013 1194 quicquam
1033 1146 1056 1178 m
1088 1131 1107 1178 't
1125 1131 1153 1178 ab
1171 1131 1210 1178 illo
1228 1131 1268 1178 ab·

107 1193 210 1246 horrere,
233 1207 296 1254 quam
311 1192 335 1240 in
353 1195 419 1241 rebus
437 1195 565 1257 appetendis
579 1195 738 1259 fugiendisque
753 1198 871 1245 fluctuare.
906 1195 994 1251 Quodsi
1011 1195 1038 1242 in
1081 1195 1148 1241 rtutis
1170 1194 1267 1242 admira·

109 1257 172 1302 tione
183 1258 263 1304 excedi
278 1265 353 1320 potest
368 1259 464 1316 modun
482 1261 535 1322 quid
552 1260 653 1310 loturum
672 1272 707 1310 est
725 1263 749 1310 in
760 1263 820 1310 vasis
831 1262 951 1325 argentus,
969 1259 1059 1315 statuis,
1074 1259 1181 1315 verubus,
1193 1261 1267 1307 hono·

110 1320 178 1375 ribus,
192 1322 270 1383 opibus
280 1329 304 1368 et
314 1323 398 1370 divitiis
409 1323 543 1371 admirandis
555 1332 578 1372 et
594 1327 661 1373 nlrnis
676 1327 823 1390 appetendis?
856 1327 894 1373 Ad
911 1326 979 1376 animi
995 1325 1065 1387 igitur
1081 1325 1266 1385 tranquillitatem

110 1386 223 1432 tuendam
240 1401 295 1449 opus
311 1395 353 1444 est,
365 1399 391 1436 ut
407 1389 430 1436 in
447 1389 540 1450 optimo,
550 1391 611 1451 quod
626 1392 716 1452 quidem
727 1393 802 1444 risum
818 1391 885 1438 fuerit
901 1391 947 1446 tibi,
959 1389 1070 1437 serendo
1082 1396 1106 1436 et
1117 1389 1223 1436 mundo
1235 1390 1266 1436 sis

111 1457 222 1496 constans
232 1459 253 1498 et
263 1452 355 1500 stabilis.
388 1452 476 1506 Quodsi
487 1454 559 1501 virtus
576 1463 600 1502 te
615 1457 706 1503 beatum
722 1458 814 1504 reddere
831 1463 854 1504 at
871 1469 960 1502 servare
976 1460 1067 1517 potest;
1084 1454 1191 1501 uirtutem
1208 1454 1265 1510 cole,

112 1515 203 1560 ceteris
215 1516 300 1562 omissis
311 1517 398 1564 studiis.
430 1517 454 1564 Si
471 1517 518 1565 lieri
534 1527 616 1582 potest,
628 1523 687 1568 utin
698 1521 781 1568 divitiis
792 1522 846 1568 vitae
861 1519 991 1567 felicitatem
1007 1518 1126 1580 posueris;
1144 1519 1184 1564 has
1201 1518 1267 1568 nuioe

112 1587 200 1625 sectare
212 1587 233 1626 et
242 1596 300 1643 auge
310 1589 419 1642 quantum
435 1590 508 1645 potes.
541 1584 565 1631 Si
576 1587 673 1634 bonores
684 1587 724 1633 tibi
734 1587 777 1634 visi
792 1585 876 1632 luerint
889 1585 957 1632 animi
973 1583 1155 1646 tranquillitatem
1173 1581 1265 1641 afferre;

112 1642 235 1691 honoribus
250 1660 340 1692 omnem
351 1645 431 1693 adhibe
442 1663 520 1694 curam
531 1656 554 1695 et
565 1666 664 1713 operam.
697 1650 721 1696 Si
737 1651 760 1696 in
777 1665 863 1698 mensae
879 1649 984 1712 gnlaeque
1000 1647 1085 1695 deliciis
1096 1659 1211 1694 summum
1223 1663 1265 1710 po-

115 1708 186 1753 sueris
203 1710 301 1767 bonum3
318 1717 425 1772 tanquam
444 1713 503 1760 tribu
518 1721 594 1762 motus
613 1722 636 1762 et
651 1716 787 1778 impotentes
807 1713 900 1777 Ulyssis
918 1714 973 1760 socii
990 1714 1034 1760 hoe
1052 1713 1174 1774 voluptatis
1192 1727 1267 1774 genua

115 1779 209 1845 sectare.
241 1773 266 1820 si
277 1774 373 1837 denique
390 1776 446 1822 nihil
465 1778 514 1824 sine
532 1793 610 1827 amore
623 1781 727 1844 jocisque
740 1780 868 1844 jucundum
887 1778 1015 1844 putaverim
1033 1777 1086 1826 vire
1101 1777 1126 1826 in
1141 1778 1264 1840 amorejo·

118 1850 204 1897 cisque.

209 1975 275 2040 Nrn
289 1975 440 2043 admirari
453 1955 553 2065 prope
568 2003 619 2046 res
634 1993 682 2046 est
695 2003 768 2060 una,
782 1979 921 2060 Numici,

208 2084 354 2172 Solaque,
370 2110 442 2176 quse
456 2089 557 2174 possit
569 2089 672 2156 facere
687 2103 718 2156 et
732 2113 857 2156 servare
871 2089 1008 2155 beatum.

210 2195 306 2260 Hunc
321 2197 431 2277 solem,
447 2211 480 2264 et
493 2199 608 2278 stellas,
624 2213 657 2266 et
670 2200 854 2267 decedentia
868 2200 961 2265 certis

211 2305 373 2393 Tempora
387 2309 564 2390 momentis,
580 2322 654 2375 sunt
667 2312 722 2398 qui
743 2311 910 2376 formidine
923 2300 1012 2374 nulla

148 2423 167 2480 5
208 2415 326 2483 Imbuti
341 2430 492 2504 spectent.
536 2420 613 2508 quid
628 2443 736 2486 censes
751 2443 883 2487 munera
897 2417 1017 2486 terrae?

212 2526 300 2604 Quid
313 2527 409 2593 maris
424 2541 583 2594 extremos
599 2531 723 2596 Arabas
737 2532 865 2598 ditantis
880 2544 912 2597 et
928 2529 1052 2599 Indos?

206 2637 346 2703 Ludicra
360 2618 446 2726 quid,¹
462 2641 590 2727 plausus
605 2653 638 2706 et
651 2642 744 2708 amici
758 2642 843 2708 dona
858 2641 1019 2722 Quiritis?

205 2745 280 2824 Quo
295 2750 467 2834 spectanda
477 2751 584 2830 modo,
599 2773 665 2840 quo
678 2771 772 2817 sensu
786 2753 889 2818 credis
903 2763 935 2818 et
949 2749 1031 2816 ore?

205 2857 271 2936 Qui
285 2857 377 2927 timet
389 2861 439 2927 his
453 2863 594 2942 adversa,
610 2851 675 2928 fere
685 2863 818 2928 miratur
831 2863 944 2930 eodem

129 2973 166 3031 10
206 2969 281 3046 Quo
296 2971 426 3057 cupiens
439 2983 551 3057 pacto:
573 2994 672 3057 paror
686 2985 734 3038 est
747 2975 916 3062 utrobique
929 2972 1100 3038 molestus:

205 3079 382 3166 Improvisa
396 3081 489 3146 simul
503 3081 622 3167 species
637 3095 776 3151 exterret
789 3097 975 3172 utrumque:

206 3188 363 3270 Gaudeat,
379 3212 420 3255 an
433 3191 556 3271 doleat3
578 3193 700 3280 cupiat,¹
709 3205 869 3260 metuatne
876 3219 885 3273 3
908 3194 986 3283 quid
999 3193 1041 3259 ad
1055 3216 1134 3275 rem,
1196 3185 1197 3190 ἵ

205 3297 250 3377 Si,
265 3299 417 3388 quioquid
430 3299 509 3367 vidit
522 3301 633 3368 melius
647 3283 776 3389 pejrisve
790 3289 848 3369 suti
860 3327 928 3391 spe,

121 3493 123 3498 ,
208 3407 336 3476 Defixis
350 3411 459 3491 oculis,
474 3412 642 3500 animoque
657 3425 689 3478 et
703 3435 836 3500 corpore
851 3416 980 3502 torpet?

129 3527 164 3586 15
207 3519 316 3586 Insani
331 3521 454 3608 sapiens
468 3543 585 3588 nomen
600 3522 690 3603 ferat,
706 3545 815 3612 aequns
829 3525 940 3614 iniqui,

563 3681 770 3748 7LudetplZ.

278 3819 387 3869 EPIST.
402 3819 450 3870 VI.
717 3827 733 3870 8
750 3825 939 3888 Sijuds'oiof
956 3844 1000 3886 orn,
1011 3845 1057 3891 spe.

117 3889 127 3932 l
143 3886 283 3948 Pythagoras
299 3888 450 3948 summotus
465 3887 522 3949 qnid
537 3894 586 3936 tam
600 3889 654 3937 diu·
718 3892 734 3937 9
752 3891 837 3938 Mirari
847 3899 883 3938 est
893 3907 1001 3956 magnum
1013 3903 1100 3957 putare.

90 3957 146 3998 trono
163 3952 236 3998 sudu
250 3951 376 4027 proficeret,
392 3952 511 4012 remordit,
524 3953 570 4000 Nu
580 3955 655 4000 admi·
721 3956 749 3999 ll
767 3956 911 4016 Immotum
928 3959 1049 4022 derepente
1059 3959 1228 4022 superveniens.

90 4017 135 4062 rori.
158 4016 278 4063 Adnrirnri
289 4031 313 4062 rn
323 4016 366 4062 hac
376 4015 492 4079 disciplina
502 4023 538 4064 est
547 4032 655 4080 magnum
720 4020 820 4078 spem
831 4035 912 4070 vanam
922 4023 975 4072 dicit
990 4024 1119 4087 imaginem,
1131 4025 1208 4086 quales
1218 4023 1266 4072 fere

91 4089 163 4139 putare,
180 4081 204 4128 h.
214 4095 236 4128 e.
245 4081 313 4128 valde
323 4080 360 4127 vel
370 4081 521 4144 expetendum
535 4082 573 4130 vel
591 4097 656 4130 arer-
688 4081 712 4130 in
723 4085 809 4132 somnis
820 4095 949 4136 occurrunt.

91 4145 179 4192 snum.
720 4151 750 4196 13
762 4151 865 4210 Sammo
874 4152 979 4214 opinione
989 4160 1104 4201 consueta.

114 4213 127 4256 t
141 4211 242 4258 Murro-a
261 4217 344 4266 terras
361 4225 441 4259 eurum
460 4211 547 4258 scilicet
564 4217 587 4258 et
602 4210 654 4259 reli-
720 4215 752 4260 lt
771 4216 860 4276 Totque,
870 4224 960 4277 stupore
970 4219 1046 4266 horu.

92 4275 239 4333 quasdivitias.
721 4281 751 4324 1⁵
768 4281 846 4340 Ferat,
866 4282 938 4346 possit
956 4283 1063 4346 accipere,
1082 4288 1105 4330 et
1128 4294 1205 4330 recum
1224 4297 1267 4332 an·

116 4340 215 4389 allois
236 4339 287 4390 scil.
306 4353 405 4398 munera,
426 4338 532 4389 Uniones
548 4346 571 4389 et
589 4355 655 4406 gem·
686 4339 753 4392 farre.

91 4417 135 4452 nar.
