2972 5020
402 331 746 398 EPISTOLARUM
768 331 843 396 Lm.
866 332 892 397 1.
919 343 944 396 1.

211 501 292 581 Non,
309 515 345 568 ut
358 498 541 588 porticibus
558 505 602 568 sic
610 503 737 590 judiciis
751 497 837 568 fruar
851 502 969 578 lsdem;

207 613 274 678 Nec
288 637 402 701 sequar
416 627 471 678 aut
484 615 611 700 fugiam,
627 635 699 700 quae
713 613 815 699 diligit
828 613 896 697 ipse
910 611 960 676 vel
974 611 1061 675 odit:

202 722 288 787 Olim
304 723 391 810 quod
405 723 513 807 vulpes
528 735 649 808 aegroto
663 734 754 786 cauta
769 722 853 786 leoni
896 773 899 780 .

200 833 388 918 Respondit,
404 833 536 897 referam
547 817 665 908 :“Quia
678 854 729 894 me
744 831 873 916 vestigia
886 842 1005 894 terrent

118 947 155 1009 75
183 920 318 1006 “Omnia
333 955 365 1006 te
380 925 545 1007 adversdm
560 942 741 1026 spectantia,
757 941 845 1004 nulla
859 953 1040 1004 retrorsum.

200 1049 301 1115 Belua
315 1052 486 1118 multorum
501 1073 534 1114 es
549 1051 704 1135 capitum:
728 1073 800 1115 nam
816 1051 892 1137 quid
907 1049 1043 1136 sequar?
1064 1061 1118 1114 aut
1132 1047 1251 1136 quem?

199 1159 277 1224 Pars
291 1160 456 1224 hominum
471 1160 565 1246 gestit
579 1159 756 1224 conducere
770 1151 915 1245 publica:
939 1173 1013 1224 sunt
1027 1161 1082 1247 qui
1097 1219 1098 1224 ,

202 1270 324 1334 crustis
340 1282 371 1334 et
385 1270 486 1354 pomis
500 1269 609 1333 viduas
623 1283 776 1334 venentur
790 1293 908 1348 avaras,
1040 1254 1041 1258 Ἰ

198 1380 429 1466 Excipiantque
444 1401 544 1456 senes,
561 1401 639 1465 quos
654 1379 685 1440 in
701 1377 818 1442 vivaria
832 1380 974 1445 mittant:

120 1499 157 1553 80
199 1488 312 1552 Multis
328 1488 451 1552 occulto
466 1488 578 1552 crescit
591 1510 641 1552 res
655 1486 785 1552 foenore.
832 1490 950 1554 Verum

197 1598 285 1676 Esto,
299 1598 367 1662 aliis
382 1597 459 1661 alios
474 1597 567 1661 rebus
582 1597 754 1683 studiisque
769 1599 888 1675 teneri;

196 1707 298 1770 Iidem
312 1707 422 1771 eadem
436 1719 568 1791 possunt
582 1706 694 1770 horam
708 1707 822 1771 durare
836 1709 1032 1793 probantes?

175 1808 312 1882 “Nullus
328 1816 360 1880 in
375 1817 452 1880 orbe
466 1817 553 1880 sinus
569 1815 655 1880 Baiis
670 1817 822 1900 proelucet
835 1805 998 1897 amoenis‚”

198 1928 230 1992 si
245 1927 326 1991 dixit
340 1927 437 2004 dives,
452 1926 539 1990 lacus
554 1937 587 1989 et
601 1947 688 1990 mare
704 1929 797 1990 sentit
811 1950 950 1993 amorem

120 2044 155 2100 85
198 2037 385 2100 Festinantis
400 2035 488 2112 heri3
511 2035 562 2099 cui
575 2037 603 2099 si
619 2036 727 2100 vitiosa
741 2036 839 2100 libido

200 2146 321 2210 Fecerit
335 2135 604 2230 auspicium,“cras
620 2145 807 2209 ferramenta
822 2147 966 2210 Teanum
1023 2223 1026 2230 .

197 2256 340 2333 Tolletis,
356 2243 463 2318 fabri.''
490 2255 605 2318 Lectus
620 2254 750 2342 genialis
765 2256 797 2317 in
812 2243 883 2321 auli
898 2258 971 2321 est?

196 2357 249 2422 Nil
263 2356 308 2420 ait
322 2379 389 2420 esse
403 2356 502 2441 prius,
518 2355 629 2420 melius
644 2355 688 2418 nil
703 2356 814 2420 coelibe
829 2348 911 2436 vitd3

198 2467 308 2532 Sinon
324 2480 381 2543 est,
392 2467 479 2550 jurat
493 2447 575 2530 bend
588 2465 661 2529 solis
676 2487 744 2530 esse
759 2468 890 2533 maritis.
988 2533 991 2540 ,

118 2587 156 2641 90
195 2577 269 2652 Quo
284 2589 407 2642 teneam
422 2576 526 2641 vultus
540 2586 713 2639 mutantem
730 2576 845 2640 Protea
858 2579 969 2642 nodo?

196 2687 283 2762 Quid
297 2685 442 2771 pauper?
463 2685 550 2750 ride:
574 2697 674 2748 mutat
689 2686 858 2764 coenacula,
874 2686 980 2767 lectos,

197 2797 324 2874 Balnea,
339 2808 482 2860 tonsores
495 2819 503 2870 ;
525 2791 685 2859 conducto
696 2795 822 2881 navigio
836 2785 927 2883 aeque

1045 913 1061 942 l)

87 3017 110 3062 76
123 3017 244 3078 capitumet
262 3018 288 3064 Z.
303 3019 368 3066 Med.
380 3022 449 3067 1477.
486 3055 488 3059 ,
515 3023 545 3065 ’18
564 3017 652 3065 Frustis
665 3019 693 3066 G.
705 3021 728 3066 S.
748 3022 775 3067 Z.
793 3021 856 3074 Med,
876 3023 1132 3073 1477.·Fatr.1555.
1159 3027 1243 3074 Lamb.

110 3083 136 3127 82
151 3090 267 3142 possuntne
278 3083 362 3130 Lauta
449 3085 481 3130 83
499 3082 592 3129 Nullius
601 3083 625 3129 in
637 3085 697 3130 urbe.
731 3086 760 3132 Ζ.
848 3089 877 3132 91
896 3086 970 3134 viden'
982 3097 1007 3136 ut
1018 3097 1089 3136 mutat
1100 3092 1176 3137 Bentl.
1187 3091 1245 3153 conj.

111 3141 226 3204 [†Nooem
237 3148 307 3194 MSS.
321 3149 349 3194 ab
362 3147 517 3207 Oudertdorpio
535 3149 574 3194 visi
596 3149 781 3196 viandum.
794 3150 870 3197 Octco.
890 3149 941 3212 68.)
963 3155 1020 3200 dant
1042 3155 1103 3212 ride;
1121 3163 1200 3210 mutat,
1224 3165 1247 3202 et

107 3218 178 3268 proter
194 3212 344 3258 neces-mem
364 3219 440 3260 ututut
462 3213 585 3259 Bentleius.
621 3212 678 3259 tides
702 3214 762 3260 Cura.
827 3217 859 3262 02
870 3217 975 3264 conducit
985 3219 1074 3282 navigia
1092 3221 1145 3266 Mn
1155 3222 1245 3268 Bersm.

109 3398 132 3441 71
149 3397 274 3452 Porticihus,
318 3399 459 3445 ambulacris.
504 3395 634 3450 ulutatus.
700 3402 733 3446 84
749 3401 828 3448 Lacus
846 3403 964 3450 Lucrinus
980 3405 1036 3451 mari
1051 3405 1173 3453 immissus.
1206 3405 1244 3454 cf.

86 3460 286 3524 tractassemus,
297 3463 320 3509 h.
329 3462 415 3510 eidem
431 3463 525 3508 sentiam
536 3463 637 3510 derebus
670 3463 747 3512 Carm.
760 3464 794 3511 Il.
809 3469 846 3513 15.

86 3525 191 3585 appetendis
202 3533 225 3572 et
234 3525 356 3587 fugiendis.
700 3530 779 3576 Sentit.
816 3533 934 3579 Corttracta
948 3534 1021 3593 pisces
1037 3547 1129 3596 equora
1144 3536 1244 3582 teretium

111 3591 136 3635 tt
151 3591 204 3642 uua
218 3605 255 3637 me
272 3591 377 3650 vedigia‚·
400 3590 482 3637 Lucilii
497 3591 633 3639 Distichon:
670 3591 757 3642 Canss.
770 3598 838 3641 1.38.

89 3655 175 3704 Quidubi
183 3655 237 3710 uult,
247 3656 387 3719 quurefitut
397 3657 540 3702 introversus
547 3659 607 3703 etad
617 3665 638 3703 tc
703 3659 817 3712 Amorem,
830 3660 936 3707 studium.

86 3719 167 3776 medem
175 3718 331 3782 atqtaeserant
341 3721 429 3779 vestigio
447 3736 469 3766 se
484 3722 560 3766 omnia
570 3736 637 3780 pror-
701 3726 733 3768 86
750 3724 839 3770 Fecerit
854 3727 994 3786 amanum
1028 3726 1056 3772 de
1072 3741 1132 3774 novo
1152 3728 1244 3774 suborto

87 3782 132 3828 sut?
146 3783 197 3829 Tam
218 3783 312 3830 libertati
329 3799 395 3846 quam
406 3784 460 3831 vitae
470 3785 637 3832 metuebatAE-
669 3786 821 3834 deliramento.
837 3788 995 3836 AEn.9.1ss.
1029 3793 1077 3838 Sua
1087 3793 1243 3854 cuiqueDeus

88 3847 124 3907 sopi
133 3849 210 3910 vulpes.
659 3851 694 3912 fit
702 3853 751 3897 dira
762 3853 850 3912 caludo.

109 3915 134 3958 76
145 3911 197 3958 Non
208 3919 295 3959 tantum
306 3913 379 3960 bellua
390 3929 421 3968 es,
434 3929 448 3959 o
459 3913 546 3975 popule,
563 3921 588 3960 ut
598 3914 635 3960 ille
699 3917 956 3980 Ferramentafabn'lia
966 3921 1126 3967 imnummta.

87 3975 118 4031 leo,
144 3977 275 4038 periculosa3
304 3977 344 4023 sed
373 3979 496 4024 multorum
529 3979 634 4039 capitum,
703 3979 810 4026 Teanum
824 3983 900 4028 ciuitas
916 3991 947 4030 est
960 3985 1243 4044 eampantaatdtciaum.

87 4043 188 4102 quamquis
199 4042 266 4102 sequi,
279 4056 309 4087 ne
320 4042 340 4086 si·
348 4042 403 4088 velit
415 4042 510 4103 quidem,
522 4043 598 4104 possit.
699 4048 730 4091 90
748 4045 831 4100 Nodo,·
860 4045 962 4110 Respicit
981 4049 1008 4094 ad
1030 4048 1125 4096 fabulam
1148 4049 1241 4096 Aristaei

110 4108 135 4153 'll
149 4107 270 4154 Corwucm
287 4106 393 4165 publica·
431 4107 498 4159 Queis
510 4107 583 4170 faede
604 4116 636 4154 est
668 4107 752 4155 Protea
770 4109 855 4156 vincire
869 4111 928 4158 docti
945 4127 958 4158 a
974 4124 1046 4159 matre
1063 4111 1160 4174 Cyrene,
1175 4129 1242 4174 quam

87 4171 140 4216 edem
148 4172 268 4224 conducere,
274 4171 387 4234 flumina,
401 4179 487 4230 portus,
500 4172 636 4219 siccandam
667 4185 743 4220 narrat
754 4173 821 4236 Vng.
833 4174 919 4238 Georg.
931 4178 953 4224 l.
962 4178 1017 4223 405.

87 4235 165 4290 embra,
175 4236 315 4294 pmaudum
325 4237 355 4280 cut
365 4235 430 4282 busta
441 4237 542 4282 cadaver.
699 4242 728 4284 91
747 4237 838 4286 Tenues
857 4242 1010 4287 conducebant
1030 4243 1162 4296 cainonem
1183 4244 1243 4294 Quos

110 4303 134 4345 tt
148 4301 279 4360 decipiam
297 4313 327 4346 ex
344 4299 428 4345 insidiis
447 4300 536 4361 capiant
554 4302 635 4348 obesos
666 4304 741 4362 tegulo
751 4303 797 4349 solu
808 4311 885 4351 tuetur
896 4305 920 4350 A
926 4306 1005 4364 pluvia
1016 4305 1090 4352 molles
1097 4307 1136 4354 ubi
1144 4309 1243 4356 reddunt

89 4363 169 4412 bannos.
202 4365 311 4418 γὼαηὶις
340 4363 376 4410 ubi
396 4373 514 4412 servantur
538 4373 561 4412 et
577 4367 636 4430 sagi-
668 4383 708 4415 ova
720 4368 834 4414 colundm
866 4367 982 4416 Juvenalis
993 4372 1016 4417 3.
1026 4373 1082 4417 201.

88 4436 149 4476 uantur
158 4429 260 4485 annalia
273 4429 335 4484 ferae,
348 4429 425 4490 pisces,
437 4441 499 4478 aves.
702 4435 733 4480 92
752 4433 872 4488 Corutucto,
885 4442 907 4481 et
917 4450 957 4496 per
968 4436 1011 4482 hoe
1022 4451 1069 4482 nort
1079 4451 1127 4484 suo.
