2954 5022
199 319 262 378 sao
556 313 598 392 o.
622 309 826 378 nonum
851 291 1031 377 nancei

328 484 423 552 Ultra
437 471 532 572 quim
546 465 621 552 satis
637 498 685 552 est
699 489 845 551 virtutem
860 486 886 550 si
900 497 987 570 petat
1001 486 1110 570 ipsam.

327 594 344 659 Ι
359 617 454 673 nunc,
469 608 635 682 argentum
650 609 682 662 et
696 618 834 660 marmor
848 607 947 674 vetus,
959 616 1084 682 aereque
1100 604 1132 658 et
1145 602 1227 660 artes

327 705 474 790 Suspice;
497 728 568 769 cum
583 705 846 792 gemmis‘Tyrios
862 706 975 770 mirare
990 705 1130 770 colores:

329 816 444 881 Gaude
458 802 544 903 qudd
559 827 701 900 spectant
714 816 797 880 oculi
812 828 843 880 te
858 816 942 880 mille
956 817 1157 903 loquentem:

241 937 283 992 20
327 927 459 992 Gnarus
474 913 566 989 mane
580 924 694 1004 forum,
709 937 742 990 et
756 927 950 1010 vespertinus
964 940 1036 1010 pete
1051 935 1167 989 tectum
1179 947 1188 998 ;

283 1107 286 1111 ,
329 1035 379 1100 Ne
393 1037 464 1121 plus
479 1035 627 1100 frumenti
641 1034 797 1099 dotalibus
812 1035 1025 1122 emetat'agris

328 1145 452 1222 Mutus,
467 1158 500 1208 et
514 1144 701 1230 (indignum,
717 1133 803 1231 quod
818 1144 858 1208 sit
872 1145 1030 1230 pejoribus
1046 1145 1147 1224 ortus)

328 1253 395 1317 Hic
409 1253 468 1317 uu
481 1253 521 1317 sn
534 1242 649 1339 ponus,
665 1237 760 1340 quain
775 1265 810 1317 tu
824 1253 974 1318 mirabilis
991 1254 1045 1318 in.

328 1363 490 1449 Quioquid
504 1363 564 1427 sub
577 1348 733 1441 terriest,
748 1363 782 1426 in
797 1365 939 1448 apricum
952 1363 1090 1448 proferet
1103 1375 1197 1439 aetas3

242 1483 282 1540 25
326 1473 477 1538 Defodiet
491 1472 666 1558 condetque
682 1473 820 1537 nitentia.
867 1461 950 1538 Ciim
964 1456 1045 1538 beni
1059 1489 1171 1540 uotum

330 1583 474 1648 Porticus
491 1583 655 1668 Agrippae,
671 1595 702 1645 et
716 1583 766 1646 via
776 1595 807 1646 te
822 1585 1022 1668 conspexerit
1037 1583 1133 1669 Appi,

329 1694 380 1757 Ire
395 1707 500 1756 tamen
515 1704 612 1755 restat
627 1691 735 1755 Numa
749 1715 812 1778 quo
826 1693 952 1758 devenit
966 1706 998 1757 et
1012 1696 1148 1759 Ancus·

330 1805 363 1870 Si
379 1803 459 1868 latus
471 1814 525 1867 aut
540 1824 629 1866 renes
641 1803 753 1866 morbo
767 1815 928 1867 tentantur
941 1817 1044 1882 acuto,

329 1914 447 1990 Quaere
463 1912 567 1999 fugam
583 1911 694 1976 morbi.
738 1911 796 1975 Vis
812 1901 895 1976 recti>
909 1913 1039 1978 vivere?
1059 1915 1130 2001 quis
1145 1914 1237 1980 non?

244 2035 284 2090 30
330 2024 364 2088 Si
380 2024 476 2087 virtus
492 2021 552 2084 hoc
568 2043 631 2086 une
645 2032 747 2105 potest
762 2020 849 2097 dare,
865 2019 953 2084 fortis
969 2022 1093 2086 omissis

330 2133 406 2197 Hoc
420 2155 479 2217 age
493 2131 622 2196 deliciis.
666 2131 825 2195 Virtutem
840 2131 936 2195 verba
949 2146 1052 2215 putes,
1067 2151 1103 2199 ut

327 2243 452 2308 Lucum
468 2241 578 2328 ligna?
599 2261 674 2304 cave
689 2263 729 2303 ne
744 2252 854 2324 portus
871 2253 1004 2326 occupet
1018 2241 1115 2307 alter:

329 2353 380 2416 Ne
397 2351 586 2437 Cibyratica,
602 2372 642 2413 ne
659 2349 798 2434 Bithyna
812 2351 940 2436 negotia
955 2351 1079 2434 perdar..

329 2461 421 2528 Mille
436 2461 552 2524 talenta
567 2458 788 2537 rotundentur,
805 2459 934 2524 totidem
949 2460 1057 2540 altera,
1073 2443 1169 2547 porri>
1183 2477 1215 2528 et

244 2583 285 2640 35
330 2572 441 2636 Tertia
453 2559 633 2648 succedant,
649 2581 681 2634 et
694 2592 766 2656 quae
780 2592 854 2654 pars
869 2571 1004 2657 quadret
1017 2594 1172 2636 acervum.

202 2766 233 2810 22
251 2760 446 2808 Mutusetetium
464 2759 527 2809 (111.
544 2758 741 2805 1111111111
756 2760 821 2804 Tor-r.
854 2758 944 2806 Mutius
955 2766 979 2807 et
991 2762 1019 2806 Z.
1034 2760 1102 2806 Gesn.
1134 2759 1323 2808 Mutiussineet
1340 2762 1393 2807 Vm.

238 2825 402 2874 01111111.
476 2826 506 2870 31
525 2823 644 2884 deliquitus
662 2822 688 2868 Z.
715 2824 781 2883 qimai
792 2823 878 2886 suisset
896 2824 1004 2885 deliquiis.
1035 2832 1101 2886 putas
1124 2825 1187 2871 Gur.
1206 2826 1294 2872 Lamo.
1307 2841 1351 2886 pro
1367 2835 1392 2871 ut

233 2891 301 2938 edidit
310 2888 478 2936 ecoctamnu.
491 2894 522 2934 et.
586 2889 618 2934 34
630 2903 697 2950 porro
708 2893 731 2933 et
742 2888 773 2934 sie
783 2888 852 2935 MSS.
863 2889 947 2936 Lomb.
959 2891 1028 2951 Cruq.
1040 2889 1116 2936 Bentl.
1126 2891 1195 2936 enirm
1209 2891 1239 2938 G.
1251 2899 1276 2937 et
1287 2906 1351 2937 ornn.
1362 2891 1392 2935 al.

236 3060 266 3105 17
288 3057 355 3102 Vetus
366 3062 493 3115 argentum,
507 3056 585 3101 Vetera
594 3070 647 3108 cera,
656 3060 680 3100 et
696 3055 781 3100 Veteres
844 3056 876 3101 27
893 3053 975 3114 Neque
997 3054 1055 3100 enim
1072 3054 1143 3115 pietas
1162 3055 1283 3116 quiequam
1306 3054 1390 3118 profuit

201 3130 269 3169 ortes.
302 3120 365 3166 Vasa
376 3128 483 3181 argentea
492 3128 593 3166 veterum
605 3117 721 3173 artificum,
735 3126 781 3164 sta·
813 3117 905 3173 Numae,
929 3133 1000 3178 neque
1015 3119 1082 3165 Anco
1100 3119 1178 3165 bellica
1195 3119 1279 3180 gloria.
1322 3117 1390 3168 Cous.

204 3195 255 3233 tuas
266 3200 408 3238 marmoreas,
421 3199 491 3230 aereas
501 3185 586 3244 antiqui
598 3184 678 3245 operis.
814 3181 867 3230 Car.
879 3186 901 3228 4.
915 3187 938 3229 7.
953 3186 990 3228 15.
1293 3217 1296 3221 .

238 3255 266 3296 18
283 3249 390 3308 Suqriee5
407 3264 461 3296 eum
472 3249 620 3295 adsumtione
627 3249 706 3306 aquee.
843 3251 874 3293 28
896 3249 1031 3301 Tenemur,
1043 3246 1172 3309 seligantur,
1184 3249 1311 3295 irritantur.

235 3319 264 3362 21
283 3313 419 3368 Domitium
437 3313 518 3359 Mutus
529 3313 634 3375 ignobilis
642 3320 734 3374 accepta
744 3312 778 3358 di·
843 3315 875 3358 211
893 3315 977 3367 Recte,·
989 3312 1017 3357 ad
1028 3321 1114 3359 naturae
1125 3313 1241 3359 modulum
1251 3322 1276 3360 et
1287 3326 1389 3360 normam

203 3382 251 3428 vite
262 3393 333 3426 uxore
343 3377 491 3438 locupletatus
503 3385 545 3424 est.
811 3377 910 3423 rationis.

236 3441 572 3502 Indignumnonferendum
589 3441 680 3500 ὶνάξιον.
842 3444 871 3488 31
892 3442 945 3488 Hoc
966 3455 1023 3501 oge,·
1040 3440 1093 3487 huic
1112 3441 1151 3487 uni
1174 3443 1249 3489 studio
1270 3450 1294 3488 te
1317 3448 1388 3488 totum

235 3511 267 3556 23
284 3509 324 3554 Ne
330 3509 384 3566 plen
394 3515 475 3553 emetat
486 3508 576 3559 Multis,
585 3515 606 3552 et
616 3523 645 3553 ne
657 3507 734 3566 potius
744 3507 780 3553 lu'e
810 3506 880 3552 trade.

202 3575 241 3622 ribi
267 3574 295 3619 sit
315 3572 428 3625 multu,
443 3571 466 3616 b.
484 3587 504 3618 e.
520 3571 653 3618 inridendus
673 3569 779 3628 ζηλωτὸς,
844 3570 944 3624 Delicias,
955 3570 1017 3616 molli
1029 3570 1075 3616 otio
1086 3577 1110 3616 et
1120 3570 1215 3617 delicato
1226 3571 1326 3618 fastidio.

202 3655 274 3701 qttam
291 3645 317 3684 tu
334 3637 372 3689 illi,
384 3635 443 3696 quod
454 3635 651 3694 indignumforet.
849 3635 1050 3688 Virtnternverbo5
1073 3635 1151 3695 Atque
1162 3637 1205 3681 hnc
1217 3645 1305 3698 spectat
1320 3634 1388 3694 ripu-

235 3704 267 3750 sl
284 3701 361 3748 Locus
371 3699 452 3746 dicitur
461 3701 552 3760 apricus
563 3700 600 3746 ubi
612 3700 652 3746 Sol
662 3713 687 3746 se
703 3700 780 3762 aperit.
794 3699 796 3704 ’
812 3706 846 3746 tas
856 3700 962 3745 virtutem
974 3707 1077 3745 constare
1084 3700 1157 3745 verbis
1170 3701 1203 3761 (et
1215 3701 1270 3746 nihil
1281 3706 1386 3762 praeterea

202 3770 235 3816 In
245 3770 324 3814 lumen
335 3773 355 3810 et
366 3765 440 3810 solem.
809 3760 878 3822 esse),
902 3771 926 3810 ut
948 3764 1013 3810 lucus
1030 3771 1118 3809 constat
1134 3764 1203 3825 lignis
1226 3781 1244 3812 s.
1266 3763 1383 3814 arboribus,

237 3835 268 3878 25
286 3829 406 3882 Menum
427 3828 487 3876 sama
503 3836 570 3889 atque
593 3828 675 3875 divitiis
701 3829 776 3890 splen·
810 3829 875 3874 etiam
888 3836 1037 3874 consentanea
1050 3829 1136 3874 ratione
1146 3830 1259 3890 agendum
1272 3838 1315 3876 est.

204 3899 282 3945 dentes
293 3903 316 3941 et
327 3893 468 3954 conspicuos.
502 3893 610 3939 Omnium
626 3908 699 3940 rerum
711 3894 778 3940 vicis-
848 3894 878 3939 U!
889 3894 969 3938 lucum
979 3893 1058 3952 ligw
1076 3893 1186 3938 derisores
1198 3909 1312 3940 sacrorum
1324 3891 1385 3937 lucos

204 3962 278 4010 situdo
287 3956 329 4006 est.
809 3957 880 4018 vulgo
892 3957 993 4003 dicebant
1004 3971 1054 4003 esse
1064 3957 1133 4019 ligna,
1145 3964 1168 4003 et
1177 3973 1252 4006 sacras
1264 3959 1323 4006 aedes
1333 3962 1381 4000 tan-

236 4030 267 4074 26
286 4024 391 4071 Porticus
401 4021 450 4068 haec
462 4029 509 4068 erat
519 4021 622 4076 Panthei,
633 4023 680 4069 sive
688 4022 778 4083 Templi
809 4029 858 4068 tum
870 4037 931 4068 saxa.

204 4091 271 4140 Joris
284 4089 380 4142 Ultoris,
389 4103 433 4149 qur
443 4087 480 4133 vel
497 4087 673 4141 deambulabant,
689 4087 726 4133 vel
737 4103 779 4149 ge-
842 4089 873 4132 32
893 4086 997 4145 Occupet.
1009 4093 1061 4132 ente
1072 4093 1095 4132 te
1106 4093 1175 4146 petat.

205 4157 326 4209 elabantur,
338 4153 399 4199 lauti.
841 4153 873 4196 33
891 4152 1003 4210 Negotia,·
1021 4151 1194 4214 negotiationes.

185 4264 187 4270 ,
241 4223 273 4267 Te
284 4218 433 4277 conpererim
451 4217 534 4278 insigni
552 4232 624 4270 curru,
643 4217 680 4262 vel
694 4231 778 4263 menno
841 4215 873 4261 35
893 4217 1000 4269 thdret,
1012 4221 1038 4261 ut
1048 4215 1087 4261 fiat
1102 4215 1197 4261 solidum
1214 4217 1296 4278 etipse
1307 4225 1382 4260 nume-

203 4293 302 4330 vectum.
343 4283 413 4342 Amn'i
423 4283 480 4328 uio.v
499 4281 561 4328 Num
581 4281 661 4327 divites
679 4280 778 4327 Romani
810 4294 835 4324 ro
846 4279 970 4340 perfectum
982 4280 1138 4342 patrimonium
1151 4287 1231 4341 quater
1245 4276 1381 4328 1111111111-

205 4349 242 4396 illa
253 4349 295 4394 iter
302 4347 413 4394 faciebant
423 4347 446 4393 in
457 4344 603 4408 Campaniam
612 4360 732 4401 amoenam,
740 4346 777 4392 ubi
809 4343 868 4392 tom.

205 4414 314 4460 habebunt
325 4411 397 4459 villus.
