2964 5022
543 337 586 416 Q.
609 331 816 404 HORATII
840 337 1010 404 FLACGI

315 506 409 572 Limo
423 521 549 574 coactus
563 512 749 596 particulam
762 511 902 600 turdique

233 625 271 682 15
357 617 536 700 Desectam,
552 635 584 687 et
597 623 699 688 insani
712 607 825 688 leonis¹

404 728 480 792 Vim
494 732 656 799 stomacho
670 733 852 818 apposuisse
865 743 984 796 nostro.

317 839 379 905 Irae
394 839 556 927 Thyesten
570 844 667 910 exitio
680 845 768 932 gravi

317 949 471 1031 stravere,
487 965 519 1020 et
533 953 602 1018 altis
616 955 746 1020 urbibus
761 957 880 1022 ultimae

364 1061 485 1128 Stetere
499 1085 604 1132 causae¹
617 1087 674 1130 cur
687 1067 827 1152 perirent

232 1182 274 1240 20
404 1172 569 1252 Funditus,
585 1175 839 1264 imprimeretque
853 1176 950 1240 muris

295 1285 297 1290 ’
319 1286 447 1353 Hostile
461 1297 599 1350 aratrum
613 1289 768 1354 exercitus
782 1288 928 1354 insolens

319 1396 492 1482 Compesce
506 1407 661 1475 mentem3
684 1420 735 1462 me
749 1421 874 1486 quoque
888 1397 1024 1484 pectoris

361 1506 509 1571 Teneat
522 1506 555 1570 in
569 1507 653 1572 eura
662 1508 798 1592 juventa·
943 1489 946 1498 “

406 1617 536 1698 Fervor,
550 1631 583 1683 et
596 1618 629 1681 iu
643 1617 759 1684 celeres
773 1619 894 1684 iambos

233 1737 275 1796 25
319 1727 411 1794 Misit
423 1727 595 1792 furentem:
618 1749 703 1792 nunc
717 1751 777 1816 ego
791 1730 918 1796 mitibus

319 1838 450 1905 Mutare
462 1859 573 1924 quaero
585 1837 702 1915 tristia3
724 1823 801 1904 dum
815 1840 893 1904 mihi
918 1865 919 1870 ¹

364 1947 436 2012 Fies
451 1949 615 2013 recantatis
629 1949 729 2013 amica
856 2019 857 2022 Ἴ

407 2055 605 2144 Opprobriis,
621 2059 823 2148 anirnumque
836 2061 959 2128 reddas.

625 2557 752 2641 ODE
784 2557 930 2642 XVII.
1064 2573 1082 2604 ’

622 2800 672 2848 AD
689 2797 937 2849 TYNDARIDEM.

584 2939 688 2987 Menum
699 2915 726 2988 ut
736 2942 763 2988 iu
776 2941 822 2988 Ode
828 2940 976 3002 procedente.

320 3073 440 3140 Venox
453 3094 614 3138 amoenum
629 3097 713 3161 saepe
729 3075 922 3141 Lucretilem

320 3185 429 3251 Mutat
443 3185 561 3273 Lycaeo
577 3186 717 3264 Faunus,
733 3197 766 3250 et
774 3185 905 3274 ,igneam

363 3294 518 3370 Defendit
531 3309 672 3361 aestatem
686 3294 814 3382 capellis

403 3405 514 3494 Usque
529 3407 606 3471 meis
621 3405 807 3494 pluviosque
821 3419 942 3474 ventos.

187 3572 224 3620 uie
239 3577 326 3618 natura
339 3583 433 3616 munera
451 3569 524 3624 robur,
544 3567 686 3623 celeritatem,
704 3568 765 3614 eibo-
796 3584 842 3631 quo
850 3569 941 3618 nomine
952 3574 975 3616 et
986 3569 1117 3618 animumet
1127 3569 1182 3618 iram
1190 3567 1309 3632 significari
1318 3584 1372 3618 con·
1456 3619 1463 3638 ,

188 3651 237 3684 rum
249 3643 272 3684 et
283 3642 465 3698 tegumentorum
476 3647 567 3696 genera,
578 3633 602 3678 in
617 3632 761 3680 animalibus:
797 3641 849 3682 stat.

186 3708 277 3749 coactus
293 3708 329 3747 est
340 3699 489 3746 Prometheus
501 3697 554 3744 Diis
570 3696 672 3744 suffitrari
687 3698 764 3762 ignem
828 3703 860 3746 26
877 3699 947 3746 Dum
957 3715 998 3762 pro
1012 3701 1086 3748 nudo.

186 3773 209 3814 et
221 3776 287 3820 artes,
296 3765 376 3827 quibus
386 3764 476 3811 demum
488 3763 560 3810 ornati
571 3762 672 3809 homiues
683 3763 764 3811 durare
828 3768 859 3812 27
877 3764 1313 3826 Recamamarwrouiaeummrcaro
1324 3779 1371 3811 car-

185 3839 289 3894 posaunt.
316 3831 427 3890 Paiacipd,
438 3827 516 3891 primo,
529 3827 589 3876 unde
599 3827 763 3876 hominemlin-
794 3830 856 3876 minc
866 3829 972 3877 uadum
982 3831 1136 3892 conspuatur.

186 3904 258 3944 xerat.
369 3891 375 3904 ⁸
827 3897 859 3942 28
878 3893 906 3941 Iu
925 3896 967 3942 hac
990 3894 1035 3942 Od.
1061 3896 1163 3942 imatores
1179 3903 1211 3942 est
1226 3895 1370 3942 Stesicltorum

220 3963 251 4008 lt
268 3959 338 4014 Quod
350 3961 374 4006 in
392 3955 514 4006 formandis
531 3959 648 4005 brutorum
658 3957 764 4006 membris
797 3961 893 4006 Potitum
904 3961 1009 4008 &cadum
1024 3961 1065 4022 qul
1079 3961 1264 4021 vitupermiouem
1279 3960 1370 4007 umbem

186 4033 258 4075 artem
269 4039 333 4072 suam
344 4039 434 4074 ornnem
446 4023 592 4072 exhausisset.
796 4025 893 4072 Helene
901 4026 1292 4085 obcaecduaestetpcatearecponm
1303 4025 1369 4084 Apol-

150 4137 151 4140 ,
221 4094 251 4138 17
268 4090 334 4137 Atrei
342 4089 427 4136 scilicet
436 4088 485 4136 irae.
795 4090 847 4136 liaris
857 4091 949 4137 laudem
964 4088 1012 4151 dus
1022 4091 1115 4152 ratpot,
1126 4098 1148 4136 et
1167 4091 1284 4139 aculonem
1299 4103 1369 4150 aare·

221 4158 251 4206 13
272 4155 371 4210 Ultimae
382 4154 499 4217 principes,
511 4168 562 4215 qna.
579 4153 634 4200 solae
643 4151 765 4202 effecerunt
796 4162 848 4202 tum
858 4157 946 4215 recepit.

185 4227 211 4268 ut
221 4227 265 4268 etc.
297 4222 418 4276 scateant,
428 4219 521 4282 gravius
532 4229 568 4266 est
578 4219 759 4282 quamsuenmt.

217 4287 252 4332 Sd
268 4286 395 4333 Coradcndu
412 4292 480 4346 atquc
498 4285 619 4331 eoetends
640 4285 764 4331 ettam
996 4283 1069 4332 ODE
1086 4282 1174 4332 XVII.

96 4395 98 4400 .
184 4352 233 4397 lter
247 4349 493 4414 consuetudojm't,ut
510 4357 587 4396 aratro
599 4350 676 4412 fleret.

196 4417 205 4432 ⁶
217 4418 250 4463 ἢ
266 4415 375 4472 letalem,
387 4415 482 4462 victoria
492 4413 556 4462 ferox
566 4422 590 4460 et
600 4415 691 4461 elatus·
830 4417 841 4459 l
865 4415 935 4472 Veloa,
946 4415 1053 4470 celeriter,
1065 4415 1139 4462 trevi.

217 4482 249 4529 82
266 4479 446 4544 Mentemplane
458 4479 542 4528 Graeco
553 4477 695 4539 morelineis
703 4478 762 4535 dicit,
828 4482 844 4526 3
860 4481 976 4544 Dq'endr't,
988 4480 1110 4543 propulsat.
