2954 5022
358 349 722 420 srrsronurtuu
745 349 819 415 Lus.
843 317 869 414 1.
892 359 944 428 m.
1012 447 1020 470 ,
1189 359 1251 420 357
1351 302 1353 306 ¹

452 885 740 967 EPISTOLA
772 885 866 966 XX.

425 1119 427 1126 “
493 1136 543 1183 un
561 1135 698 1184 mnsmu
717 1135 824 1184 suun.

66 1335 225 1383 Corminosna
243 1337 310 1397 mulge
324 1337 430 1396 pnourlm'
446 1339 508 1386 dolet.
527 1337 557 1384 B.
590 1338 685 1401 (Severe
697 1337 762 1382 nimis
774 1341 906 1398 conceptum
918 1337 1007 1383 lemma.
1040 1336 1125 1386 Monet
1135 1337 1215 1384 librum
1227 1337 1251 1382 in

91 1400 132 1446 tine
153 1401 206 1462 ipso
227 1401 358 1455 voluminis,
373 1417 425 1463 quae
445 1401 491 1449 fatu
512 1403 575 1448 illurn
594 1410 706 1448 maneant.
737 1401 842 1448 Jucunde
861 1403 1002 1462 apostrophe,
1025 1417 1069 1462 qua
1085 1402 1125 1448 sibi
1141 1402 1253 1448 blanditur

92 1465 169 1526 potius,
182 1472 209 1511 et
220 1466 322 1512 delatum
334 1465 360 1512 iri
371 1467 394 1512 in
406 1467 494 1514 scholas
509 1477 533 1513 et
552 1467 574 1512 in
586 1467 713 1530 provincias
724 1466 823 1512 carmina
839 1480 879 1511 sue
895 1466 1019 1526 pollicetur,
1035 1481 1101 1526 quam
1119 1474 1144 1512 ut
1162 1466 1188 1511 iis
1203 1481 1252 1511 me-

91 1537 144 1576 tunt
177 1529 230 1576 Sub
249 1531 337 1577 satirica
356 1539 380 1576 et
397 1531 475 1578 humili
494 1531 568 1592 specle
583 1531 636 1577 dicit
656 1531 692 1576 hic
710 1545 757 1576 non
769 1531 856 1576 minore
872 1545 938 1590 quarn
951 1527 1028 1578 Carm.
1043 1534 1066 1577 3.
1077 1533 1115 1577 30.
1152 1530 1251 1576 Pulchre

90 1593 131 1639 ista
140 1594 200 1640 vidit
211 1601 238 1640 et
249 1595 349 1641 imitatus
360 1602 394 1642 est
406 1595 525 1642 Gallorum
535 1595 645 1642 Horatius
657 1594 731 1656 Epist.
747 1593 794 1640 xl.
806 1595 843 1655 qui
855 1595 921 1640 etiarn
934 1595 1015 1641 docere
1031 1594 1175 1641 Sanedouum
1186 1601 1251 1656 pote-

93 1665 190 1712 ratnon
202 1673 299 1706 necesse
315 1675 372 1714 esse,
385 1667 410 1706 ut
420 1661 443 1705 in
454 1659 529 1706 fronte
542 1659 662 1706 voluminis
679 1666 774 1720 ponetur
785 1660 829 1705 tale
841 1659 981 1719 opusculum.
1006 1655 1048 1717 G.)
1082 1658 1249 1720 Allegoriend-

91 1723 181 1768 modum
188 1724 275 1786 jocosa
286 1725 363 1778 utitur,
375 1739 419 1785 que
430 1724 573 1786 epistolarum
586 1725 698 1778 volumen,
714 1723 775 1784 quod
789 1723 818 1770 ad
830 1723 907 1770 Sosios
923 1723 1053 1785 bibliopolas
1071 1724 1146 1778 mittit,
1158 1737 1250 1784 compo-

92 1793 125 1832 rut
134 1802 188 1832 cum
200 1787 251 1835 tilis
265 1789 355 1843 lasciva,
368 1805 419 1850 quae
431 1804 476 1834 nou
487 1789 571 1836 diutius
582 1789 605 1834 in
618 1789 702 1836 aedibus
712 1789 810 1850 paternis
831 1795 914 1834 restare
925 1789 981 1842 vult,
994 1787 1041 1845 sed,
1057 1788 1129 1834 invito
1143 1793 1213 1849 patre,
1225 1787 1248 1834 iu

93 1851 204 1911 publicum
222 1853 312 1914 prodire
327 1853 402 1913 ibique
412 1861 514 1914 prostare
524 1854 592 1914 cupit.
624 1853 707 1900 Romae
719 1853 807 1915 quidem
823 1853 860 1907 eit.
877 1853 983 1914 quamdiu
994 1854 1024 1900 sit
1035 1868 1119 1907 recens,
1137 1859 1248 1900 amatores

92 1929 139 1962 esse
149 1925 303 1978 reperturum,
316 1917 355 1964 sed
366 1919 456 1964 tandem
468 1925 507 1964 aut
517 1919 645 1980 neglectum
657 1918 728 1978 plene,
741 1924 780 1964 eut
791 1917 813 1963 in
825 1917 916 1964 exilium
929 1917 1021 1964 Uticmu
1033 1918 1070 1964 rel
1082 1915 1179 1966 Ilerdam
1192 1915 1248 1962 mis·

94 1993 141 2026 sum
151 1980 187 2036 iri,
200 1992 243 2028 aut
250 1982 324 2044 pueris
335 1981 364 2028 ad
375 1982 499 2029 litterarum
508 1983 618 2029 elementa
629 1982 680 2028 inde
691 1982 795 2028 discenda
806 1997 856 2028 esse
868 1982 1011 2029 serviturum.

190 2129 424 2195 Vsrtruiruum
439 2131 628 2217 Janumque,
644 2131 733 2208 liber,
750 2142 891 2216 spectare
900 2119 1019 2194 'videris
1031 2155 1046 2205 3·

193 2240 321 2306 Scilicet
336 2254 372 2304 ut
386 2252 507 2326 prostes
525 2242 690 2306 Sosiorum
705 2244 829 2325 pumice
844 2241 990 2305 mundus.

191 2349 299 2414 Odisti
314 2350 426 2428 claves,
442 2364 474 2415 ct
487 2364 577 2438 grata
592 2350 692 2436 sigilla
707 2351 840 2436 pudico:

172 2506 176 2512 ·
192 2460 307 2536 Paucis
322 2459 447 2524 ostendi
460 2461 571 2546 gemis,
588 2473 619 2524 et
634 2462 812 2524 communia
826 2462 935 2526 laudes
948 2489 958 2539 ,-

127 2576 145 2631 5
190 2569 267 2634 Non
282 2573 326 2633 ita
339 2570 486 2634 nutritus.
525 2571 622 2656 Fuge
637 2552 700 2656 quei
712 2571 902 2636 descendere
916 2573 1012 2660 gestis
1023 2599 1038 2638 τ·

190 2680 266 2743 Non
282 2680 342 2743 erit
358 2681 473 2744 emisso
488 2679 606 2744 reditus
622 2681 688 2744 tibi.
715 2662 821 2756 “Quid
836 2683 931 2747 miser
946 2683 1020 2768 egi?
1052 2700 1054 2706 ’

170 2759 279 2866 '‘Quid
295 2789 380 2852 volui
391 2769 523 2866 ?”dices‚
540 2788 594 2852 ubi
609 2789 685 2876 quid
701 2802 731 2855 te
746 2791 877 2868 laeserit3
901 2805 933 2857 et
947 2795 1007 2857 scis

190 2896 231 2964 In
245 2900 341 2964 breve
356 2912 386 2964 te
402 2900 483 2986 cogi,
499 2899 611 2983 plenus
626 2884 698 2965 crim
713 2901 842 2988 larlguet
856 2916 986 2968 amator.

191 2990 292 3084 Qudd
307 3009 333 3070 si
349 3030 413 3070 non
428 3008 503 3072 odio
518 3010 676 3093 peccantis
691 3011 806 3096 desipit
820 3035 931 3100 augur,

111 3123 147 3180 10
192 3119 295 3182 Carus
310 3118 371 3182 eris
390 3120 513 3196 Romae,
529 3120 630 3184 donec
646 3135 676 3185 te
689 3122 814 3186 deserat
828 3136 914 3188 aetas.

192 3229 415 3293 contrectatus
430 3229 485 3292 ubi
499 3230 643 3295 manibus
658 3231 839 3297 sordescere
854 3234 938 3321 vulgi

191 3337 347 3424 coeperis,
364 3351 418 3402 aut
432 3341 531 3402 tineas
546 3361 654 3424 pasces
669 3343 841 3407 taciturnus
853 3345 979 3424 inertes,

79 3506 241 3558 lVertunnum
254 3494 477 3572 mimendensis
489 3513 580 3560 Lamln'.
614 3513 755 3562 Pertunuum
769 3518 797 3562 Z.
892 3518 1137 3569 suescendereettam
1151 3524 1180 3571 G.
1213 3526 1246 3571 di-

103 3577 200 3624 scendere
213 3579 241 3623 Z.
369 3576 454 3636 7quid
465 3583 488 3622 te
498 3591 524 3622 ec
534 3577 603 3624 MSS.
614 3580 691 3626 Bentl.
722 3580 772 3642 quis
782 3582 842 3640 mllg.
951 3587 1035 3630 Scum
1044 3585 1124 3645 plenus
1134 3589 1185 3635 edd.
1195 3598 1246 3637 cett.

103 3639 128 3684 1⁰
142 3641 225 3689 deserit
235 3643 259 3688 S.
269 3640 347 3687 Bentl.
363 3639 450 3686 deseret
460 3641 524 3687 Meo.
538 3644 607 3689 1477.
620 3645 679 3690 Cun.
810 3648 837 3691 ll
857 3642 1018 3695 contractatus
1032 3650 1060 3696 G.
1070 3653 1094 3699 S.
1108 3653 1135 3699 Z.

257 3791 363 3839 EPIST.
380 3791 439 3838 XX.
702 3795 718 3838 4
736 3794 886 3850 communior
903 3797 953 3843 loca
963 3799 1057 3860 publica.

103 3854 112 3898 l
133 3855 285 3905 Vertumnum
303 3859 454 3918 Jonuntqne‚·
473 3855 500 3903 ad
516 3855 637 3902 Vertumni
701 3861 717 3903 5
734 3860 792 3906 Non
813 3859 845 3905 sla
865 3863 982 3918 nselmum
1010 3865 1094 3926 supple,
1117 3866 1241 3918 Quamuis.-

76 3915 161 3969 adanu
171 3921 226 3970 ani
238 3922 326 3968 Arcum
337 3936 423 3968 meusae
434 3920 488 3984 (Ar.
500 3919 529 3967 P.
535 3923 591 3967 um.
601 3936 638 3966 co-
670 3937 722 3968 nam
733 3930 847 3984 parentem
858 3925 953 3970 habuisti
964 3929 1123 3976 verecundum.

77 3979 157 4046 lemno)
185 3995 250 4035 erent
272 3986 449 4048 bibliopolarum.
489 3984 637 4032 Vertumnus.
701 3988 869 4034 BInbreuete
880 3989 935 4048 cogi.
968 3991 1014 4045 Qui
1025 3993 1131 4041 volumen
1148 3993 1242 4056 seponit,

76 4043 130 4095 Deru
144 4060 165 4098 et
186 4067 271 4112 proeses
292 4066 372 4098 rerum
390 4051 556 4105 mmmmm
576 4051 599 4096 b.
617 4065 638 4098 e.
669 4051 784 4098 convulsit
800 4051 854 4098 illud
870 4061 893 4100 et
908 4056 1048 4118 constringit,
1066 4065 1089 4103 et
1105 4057 1133 4104 nd
1148 4073 1242 4120 parvum

74 4117 210 4163 mutarum
225 4117 436 4164 accendendorum.
467 4115 500 4162 In
518 4115 565 4161 vico
587 4116 639 4162 Tu-
668 4116 760 4162 modum
772 4116 860 4179 redigit.

77 4178 234 4228 mrbsocollum
242 4181 327 4237 bomin.
359 4180 638 4242 Janmqmqnerinuluer
701 4183 716 4227 9
733 4181 828 4241 Decipit,
843 4196 947 4244 perverse
958 4184 1051 4246 judicet.
1092 4185 1178 4248 Augur
1195 4187 1257 4251 ipse¹

76 4239 167 4310 benten,
179 4246 208 4291 ab
218 4247 280 4295 Jano
293 4245 385 4305 gemino
400 4245 432 4290 sic
446 4234 576 4304 appellatus,
596 4247 637 4307 qni
669 4244 787 4294 Horatius.

76 4311 296 4359 meoArcumlabei
307 4309 519 4356 ribicmuccrotum.
703 4312 732 4355 10
749 4311 824 4364 AEtos,
837 4311 1033 4372 supplejuucnr'lis.

87 4373 223 4489 mrito
230 4374 497 4439 tenuiorefiutresemnt
508 4373 637 4434 ultimam
704 4376 732 4420 12
754 4374 910 4429 Taciturnusr
929 4375 1131 4426 aneminelectus.

79 4445 87 4477 r
156 4442 161 4452 ’
183 4442 199 4492 i,
250 4479 252 4483 ,
653 4459 654 4462 =
