2954 5022
531 314 573 390 Q.
598 311 805 378 HORATII
829 308 999 376 FLACCI
1044 310 1049 368 .’

578 675 870 815 nrisnonl
903 728 981 811 tx.

547 966 597 1014 An
614 964 807 1016 CLAUDIUM
823 963 1007 1014 NERONEM.

1140 1091 1151 1115 Ι

191 1155 287 1216 Egregie
304 1155 413 1202 mutum
429 1163 450 1202 et
470 1155 570 1216 rigidum
592 1156 723 1216 Rincipm
739 1157 857 1203 demsdcet.
872 1154 903 1202 B.
935 1153 974 1200 Ne
992 1151 1158 1200 commendatio
1175 1147 1234 1213 apud
1254 1149 1388 1197 'liberium

221 1221 347 1282 superbum,
358 1219 500 1275 invidiosum,
512 1221 649 1284 suspicacem
660 1227 720 1268 esset
729 1236 788 1268 vsuc
798 1228 822 1267 et
831 1220 899 1276 irrita,
911 1217 1032 1266 admodum
1048 1225 1114 1265 caute
1130 1224 1154 1264 et
1171 1216 1317 1264 considerate
1331 1229 1385 1262 rem

198 1321 201 1328 .
222 1292 312 1334 tractat.

322 1439 518 1516 smnus,
536 1438 660 1517 claudi,
675 1407 824 1502 nimirlm
839 1436 984 1524 inteiligit
998 1457 1079 1501 unus

324 1547 444 1623 Quanti
459 1570 509 1612 me
523 1548 627 1612 facias.
670 1569 744 1611 nam
758 1527 830 1611 cuim
845 1559 945 1635 rogat,
961 1559 993 1612 et
1007 1568 1100 1633 prece
1114 1545 1199 1632 cogit

321 1657 446 1722 Scilicet
459 1670 495 1721 ut
505 1657 562 1721 tibi
576 1680 610 1721 se
623 1657 753 1722 laudare
767 1647 799 1722 et
813 1658 936 1722 tradere
951 1679 1057 1736 coner,

252 1801 254 1806 ·
317 1766 463 1854 Dignum
473 1778 582 1831 mente
596 1767 754 1855 domoque
767 1769 898 1856 legentis
913 1769 1045 1832 honesta
1059 1766 1217 1844 Neronis3

255 1887 275 1944 5
320 1877 458 1942 Munere
473 1861 546 1942 cium
559 1878 648 1964 fungi
662 1879 818 1964 propioris
833 1892 939 1944 censet
952 1878 1063 1954 amici3

321 1987 409 2064 Quid
423 1987 541 2073 possim
556 1986 641 2052 videt
654 2011 691 2053 ac
705 1989 793 2054 novit
806 2011 858 2053 me
871 1969 992 2053 valdius
1007 1989 1087 2074 ipso.

321 2095 428 2160 Mults
441 2095 569 2183 quidem
584 2096 660 2177 dixi,
677 2121 734 2164 cur
748 2110 913 2165 excusatus
927 2098 1065 2167 abirem:

322 2206 385 2270 Sed
401 2206 500 2286 timui,
516 2230 641 2272 meane
655 2208 784 2273 finxisse
798 2209 921 2274 minora
933 2221 1072 2295 putarer,

320 2314 545 2381 Dissimulator
558 2319 627 2403 opis
641 2321 789 2404 propriae,
805 2319 883 2383 mihi
897 2319 1081 2384 commodus
1096 2320 1162 2386 uni.

238 2434 278 2489 10
323 2425 375 2490 Sic
390 2449 460 2514 ego,
475 2429 601 2513 majoris
616 2427 738 2515 fugiens
753 2429 923 2514 opprobria
937 2429 1049 2515 culpis,

326 2536 452 2602 Frontis
468 2538 508 2602 ad
523 2539 653 2603 urbanae
667 2539 815 2604 descendi
828 2541 968 2625 praemia.
1015 2522 1112 2616 Quid
1126 2541 1154 2604 si

320 2646 511 2733 Depositum
525 2649 634 2714 laudas
649 2648 691 2713 ob
705 2649 796 2714 amici
806 2652 895 2736 jussa
908 2651 1073 2736 pudorem,

327 2757 437 2822 Scribe
451 2760 497 2822 tui
510 2759 615 2845 gregis
630 2759 725 2839 hunc,
741 2772 773 2825 et
785 2761 898 2826 fortem
913 2761 1006 2826 crede
1019 2763 1212 2849 bonumque.

395 2977 502 3026 EPIST.
519 2978 566 3027 lx.
834 2988 850 3031 7
867 2985 967 3041 Abisson,
976 2985 1101 3033 evaderem.

230 3047 241 3089 l
260 3041 329 3090 'litus
341 3041 462 3104 Septimius
473 3044 551 3106 Eques
561 3044 680 3094 Ror'nanus
689 3053 736 3094 erat
747 3054 770 3094 et
834 3051 850 3096 9
869 3049 922 3109 (bris
927 3071 936 3104 ,·
953 3051 1033 3111 gratiae
1044 3051 1102 3113 spud
1113 3057 1143 3098 te.

197 3105 270 3154 Poiita
280 3107 381 3170 insignis,
394 3115 460 3169 atque
472 3109 526 3155 olim
537 3109 770 3158 Horatiicomrnilito.
839 3115 887 3160 Uni
898 3115 953 3160 milri
964 3115 1063 3162 studens.

196 3169 262 3218 Idem
285 3172 313 3218 ad
332 3187 397 3232 quern
416 3179 451 3219 est
471 3171 524 3221 Car.
542 3177 566 3221 2.
582 3178 606 3223 6.
626 3191 692 3238 quem
702 3177 770 3224 etism
836 3180 864 3223 ll
888 3179 1054 3243 Urbomfiom
1063 3179 1193 3226 corroditis
1203 3180 1304 3227 audacia
1314 3181 1380 3228 cicili.

196 3236 273 3284 lsudst
284 3235 328 3298 Ep.
341 3239 394 3284 1.3.
405 3240 429 3283 9,
834 3243 944 3298 Ρνωηιὰι,
956 3244 1036 3302 dotes;
1052 3243 1235 3292 inverecundiam
1253 3245 1342 3293 scilicet
1356 3252 1380 3293 et

228 3305 245 3348 3
266 3303 380 3356 Μάνη
398 3302 563 3351 commendare.
802 3308 928 3368 argutia*

230 3367 246 3410 4
262 3366 341 3411 Mente
351 3368 475 3428 domum
492 3368 621 3416 amicitiast
630 3383 717 3417 mensa.
837 3374 866 3418 18
886 3373 933 3420 Tui
946 3373 1020 3433 gregis
1025 3394 1034 3428 ‚·
1051 3379 1098 3421 ture
1118 3371 1215 3428 familia
1239 3372 1289 3422 sive
1307 3373 1377 3421 clien-

231 3429 351 3486 Honesta,-
369 3438 392 3478 et
403 3447 442 3493 per
452 3433 496 3479 hoc
506 3434 612 3481 tonsos
803 3437 863 3484 telae.

230 3495 246 3540 ὅ
264 3495 383 3555 Ρωρίυπζς,
393 3495 519 3545 infimioris.
551 3497 627 3562 Fungi
639 3497 686 3546 scil.
696 3512 740 3546 me.
836 3501 945 3560 Fortem
961 3517 1097 3566 generosum
1108 3509 1132 3550 et
1143 3501 1274 3565 simpliciter
1283 3503 1376 3552 bonius·
