2972 5020
424 351 697 422 SERMONUM
720 349 797 415 Lra.
820 349 847 414 1.
869 357 900 412 s.

506 833 724 916 sarran
755 829 827 934 iv.

439 1074 478 1122 IN
495 1073 790 1124 OBTRECTATORES
807 1071 898 1122 SUOS.
934 1119 938 1129 ,

89 1261 138 1315 late
147 1283 181 1315 me
191 1268 241 1332 jam
253 1268 368 1326 Lucilius,
380 1278 483 1318 auctores
494 1273 576 1319 veteris
588 1272 706 1320 comoediae
717 1273 816 1318 imitatus
827 1279 862 1318 est
871 1271 895 1316 in
907 1268 1010 1316 notandis
1021 1266 1152 1314 nominatim
1163 1257 1263 1312 hominia

113 1333 148 1378 bns
157 1333 270 1396 improbis,
281 1335 362 1382 satiras
371 1336 466 1398 scripsit,
476 1337 511 1381 vir
518 1337 602 1399 ingenii
613 1338 672 1384 haud
683 1335 840 1385 contemnendi
851 1347 874 1382 et
884 1334 962 1397 judicii
973 1333 1036 1389 acris,
1048 1333 1088 1378 sed
1098 1331 1126 1378 ob
1136 1330 1260 1389 festinatio-

114 1398 191 1444 nemin
202 1399 324 1446 scribendo
335 1407 359 1446 et
369 1401 393 1446 in
404 1400 537 1463 expoliendo
547 1402 659 1464 pigritiam
671 1403 740 1449 durus
751 1411 775 1448 et
785 1401 859 1447 minus
870 1407 943 1446 tersus
950 1399 974 1444 in
982 1395 1142 1458 componendis
1153 1395 1262 1443 versibus.

115 1461 218 1524 liquidem
229 1464 331 1510 multum
343 1465 439 1511 scribere
447 1466 562 1527 improbo;
585 1472 608 1512 et
619 1466 672 1513 Diis
682 1467 753 1514 habeo
767 1465 869 1528 gratiam,
881 1464 941 1524 quod
951 1478 988 1509 me
998 1461 1058 1524 parci
1070 1461 1178 1508 sermonis
1188 1459 1261 1505 fluxe

115 1537 168 1574 runt.
199 1526 323 1590 Crispinus
329 1544 370 1589 per
378 1544 415 1575 me
423 1530 473 1591 plns
485 1531 566 1576 scribat
573 1545 639 1591 quam
648 1547 699 1593 ego,
711 1538 734 1577 et
742 1529 803 1578 efflet
812 1543 892 1576 versus
903 1535 928 1574 ut
935 1533 1029 1574 ventum
1037 1526 1112 1572 sollis:
1126 1533 1149 1572 et
1160 1523 1263 1570 Fannius

116 1591 208 1652 gloriolae
220 1592 290 1640 ducat
299 1594 346 1648 sibi,
356 1594 374 1640 si
383 1593 454 1654 possit
464 1594 552 1641 efficere
563 1603 588 1642 ut
595 1595 671 1658 imago
683 1603 706 1642 et
716 1596 798 1656 scripta
809 1609 849 1640 sua
857 1593 994 1655 reperiantur
1005 1591 1029 1637 in
1039 1589 1183 1637 bibliothecis.
1201 1586 1262 1636 Cum

117 1671 155 1717 ago
168 1656 251 1719 scripta
261 1673 315 1704 mea
324 1658 396 1719 vulgo
408 1659 500 1705 recitare
509 1673 596 1714 vereor,
607 1674 634 1707 ea
644 1675 711 1706 nemo
721 1660 782 1721 legit,
794 1659 840 1705 imo
851 1657 935 1720 spernit
949 1663 1062 1702 auctorem
1074 1661 1193 1717 propterea
1203 1651 1264 1713 qnod

118 1720 190 1780 satiris,
201 1723 283 1782 quibus
294 1721 407 1769 vitiatam
421 1723 502 1770 usitata
512 1731 625 1780 notantur,
640 1725 783 1772 offenduntur
793 1723 899 1785 plerique.
930 1721 965 1768 At
973 1721 1017 1767 iste
1026 1719 1099 1782 pnite,
1110 1719 1194 1772 dicunt,
1211 1732 1264 1778 pro-

119 1799 156 1830 nus
163 1793 197 1832 est
204 1787 233 1833 ad
242 1787 408 1842 lacessendum,
420 1787 503 1834 nemini
514 1789 591 1850 parcit,
600 1797 623 1836 et
631 1788 735 1850 quicquid
747 1788 816 1835 semel
827 1787 908 1833 chartis
915 1785 1016 1839 illeverit,
1026 1784 1096 1831 cuivis
1105 1783 1171 1830 obvio
1178 1782 1264 1828 recitat.

119 1847 160 1895 Nae
174 1851 273 1911 primum
285 1866 331 1897 non
338 1852 401 1914 jacto
410 1867 447 1898 me
458 1867 507 1899 esse
516 1853 613 1914 potitam,
625 1853 676 1914 quia
687 1853 774 1900 dicendi
783 1861 864 1914 genus,
876 1864 921 1914 quo
932 1859 984 1896 utor
994 1851 1018 1895 in
1029 1848 1108 1902 satiris,
1120 1846 1218 1894 sermoni
1229 1852 1265 1892 est

119 1914 209 1976 propius,
222 1916 296 1962 simile
303 1916 398 1962 comico.
439 1916 502 1963 Nam
513 1924 586 1964 metro
597 1919 671 1965 soluto
682 1926 705 1964 et
716 1918 759 1964 alio
770 1918 889 1964 verborum
901 1915 978 1963 ordine
985 1914 1051 1968 facto,
1064 1929 1110 1958 rem
1122 1912 1153 1958 ita
1163 1926 1220 1966 esse,
1231 1909 1265 1957 fa·

120 1978 158 2024 nie
166 1979 293 2042 intelliges:
314 1981 375 2042 quod
386 1996 451 2028 secus
461 1989 497 2029 est
507 1998 529 2029 v.
540 1995 560 2030 ct
570 1983 594 2029 in
606 1983 707 2030 versibus
723 1982 840 2037 Ennianis,
852 1979 976 2043 quibusvis
990 1977 1078 2041 patrica
1088 1983 1111 2024 et
1122 1977 1211 2038 spiritus
1222 1975 1265 2021 im·

121 2044 219 2100 manebit,
227 2045 316 2092 etiamsi
324 2053 421 2092 metrum
433 2046 556 2101 sustuleris.
573 2045 689 2096 Caeterum
700 2048 759 2094 sitne
764 2049 852 2110 justum
861 2046 991 2108 po'e'manec
998 2059 1033 2098 ne,
1045 2057 1106 2088 nunc
1116 2056 1162 2088 non
1170 2055 1262 2101 quaero:

121 2106 160 2153 boc
173 2116 261 2156 tautum
272 2109 392 2164 contendo,
403 2126 450 2157 non
464 2108 583 2172 essequod
593 2127 644 2158 mea
654 2113 736 2173 scripta
746 2119 882 2158 metuantur.
914 2108 1026 2156 Latrones
1036 2108 1097 2153 enim
1107 2116 1131 2153 et
1138 2105 1210 2152 sicarii
1217 2119 1267 2152 me

123 2177 182 2218 tuant
192 2173 293 2221 Sulcium
304 2181 329 2221 et
341 2172 448 2236 Caprium
463 2177 583 2222 acerrimos
593 2184 741 2230 accusatores,
757 2191 814 2237 qnos
824 2175 932 2222 innocens
943 2189 989 2220 non
1003 2172 1092 2218 metuit.
1122 2169 1195 2232 Ergo.
1211 2169 1267 2216 situ

123 2251 161 2282 nec
168 2253 191 2284 es
201 2238 266 2294 latro,
274 2254 315 2285 nec
327 2240 371 2302 ogd
380 2238 475 2302 Caprius
484 2250 523 2286 aut
534 2239 629 2297 Sulcius,
638 2249 722 2287 temere
733 2256 769 2287 me
780 2240 869 2288 metuis.
902 2238 992 2286 Deinde
1003 2251 1046 2283 nec
1058 2236 1139 2298 scripta
1150 2250 1200 2282 mea
1210 2227 1267 2296 pub:

124 2301 162 2348 lice
171 2311 278 2363 prostant,
291 2318 333 2350 nec
344 2319 388 2366 ego
403 2319 436 2359 ea,
448 2304 490 2350 nisi
501 2305 578 2351 amicis
588 2305 655 2366 idque
665 2312 763 2360 coactas,
776 2305 860 2352 recito:
881 2303 918 2350 alii
928 2318 984 2349 vero
994 2302 1017 2348 iu
1026 2301 1077 2346 foro
1088 2315 1129 2346 sna
1140 2299 1234 2346 recitent
1245 2305 1270 2346 et

125 2365 147 2410 in
159 2367 247 2424 balneis,
261 2384 309 2414 non
320 2383 377 2430 ego:
398 2383 441 2415 nec
462 2369 549 2431 gaudeo
565 2371 621 2417 alios
639 2370 727 2424 laedere,
742 2377 767 2416 ut
785 2370 945 2416 obtrectatores
955 2366 1126 2414 calumniantur.
1158 2363 1270 2410 Detestor

26 2493 27 2496 Ἴ
127 2429 195 2486 istum
210 2433 247 2494 qui
258 2433 372 2479 absentem
391 2434 487 2479 amicum
503 2434 618 2488 obtrectat,
635 2435 749 2496 culpatum
764 2450 810 2481 non
827 2433 930 2488 defendit,
948 2431 1045 2477 dicteriis
1064 2435 1138 2491 captat
1152 2428 1270 2475 homiuum

128 2495 197 2551 risum,
206 2497 298 2544 crimina
307 2497 363 2544 salsa
373 2497 446 2560 lingit,
457 2513 538 2544 arcana
548 2499 627 2560 prodit,
640 2500 681 2544 sub
698 2499 772 2560 specie
789 2499 893 2546 amicitiae
911 2495 1092 2544 malevolentiam
1103 2493 1167 2556 tegit.
1199 2491 1271 2554 Ejus·

128 2560 184 2606 modi
193 2562 354 2623 improbitatem
366 2562 393 2608 ab
401 2563 475 2608 animo
486 2577 537 2609 meo
548 2571 571 2610 et
583 2564 670 2625 scriptis
684 2563 760 2610 abfore
770 2563 893 2610 certissime
904 2562 1018 2624 promitto.
1051 2559 1138 2606 Verum
1151 2558 1169 2606 si
1180 2557 1233 2619 quid
1243 2557 1272 2603 li·

128 2623 196 2672 berius
206 2633 228 2672 et
242 2625 301 2673 sorte
306 2627 409 2688 jocosius
420 2627 513 2683 dixero;
533 2628 587 2674 mihi
597 2628 735 2690 ignoscatur.
767 2628 805 2675 Ad
816 2628 870 2674 vitia
879 2625 987 2689 fugienda
997 2632 1021 2671 et
1031 2631 1091 2670 recte
1100 2623 1170 2670 vitam
1181 2622 1272 2668 institu-

130 2688 203 2737 endam
221 2691 319 2754 optimus
329 2699 392 2753 pater
402 2706 440 2737 me
445 2692 515 2753 jussit
524 2691 634 2754 inspicere
648 2693 750 2754 exempla
763 2692 914 2754 improborum
934 2698 957 2737 et
972 2690 1100 2752 proborum.
1132 2685 1208 2750 Igitur
1218 2687 1276 2732 vitia

131 2753 222 2811 aliorum,
233 2771 262 2802 ne
269 2755 317 2816 ipse
328 2756 466 2803 committam
475 2747 528 2804 olim
538 2757 673 2818 imprudens.
686 2757 732 2803 otio
743 2772 858 2811 concesso,
871 2755 951 2803 litteris
962 2755 1052 2801 mando.
1085 2751 1154 2807 Quod
1162 2751 1208 2798 nisi
1219 2750 1274 2796 mihi

132 2819 244 2868 concedere
254 2819 311 2866 velis
317 2836 325 2877 ;
336 2819 401 2883 copia
410 2811 527 2882 pobtarum
538 2821 593 2868 mihi
604 2821 647 2868 erit
657 2821 748 2878 auxilio,
759 2828 783 2868 et
793 2828 816 2869 te
827 2821 855 2868 ad
865 2822 922 2868 hanc
933 2828 1033 2867 nostram
1043 2818 1182 2871 senteutiam,
1194 2816 1275 2862 satiras

132 2895 177 2929 esse
186 2884 316 2940 scribendas,
327 2898 443 2948 cogemus,
454 2885 641 2947 quemadmodum
652 2885 681 2933 ad
691 2901 743 2934 anas
754 2885 886 2934 cerimonias
896 2883 1061 2947 amplectendas
1071 2882 1209 2946 compellunt
1219 2879 1279 2928 alios

133 2943 206 2998 tutet

219 3085 490 3175 Boeotiamque
507 3088 665 3168 Cratinus,
683 3089 985 3176 Aristophanesque,
1003 3087 1121 3164 Poiitae,

221 3197 328 3284 Atque
342 3195 396 3261 alii
409 3219 545 3284 quorum
561 3199 728 3265 Comoedia
741 3199 845 3286 prisca
859 3198 1000 3263 virorum
1015 3208 1073 3274 est,

224 3306 258 3372 Si
272 3306 343 3394 quis
357 3318 425 3372 erat
439 3305 554 3397 dignus
568 3309 715 3389 describi,
730 3284 819 3398 qubd
832 3309 944 3388 malus,
960 3319 1014 3374 aut
1027 3306 1089 3385 fur,

224 3401 323 3494 Quid
337 3416 479 3483 moechus
493 3418 583 3498 foret,
600 3431 654 3486 aut
668 3420 808 3499 sicarius,
823 3435 878 3484 aut
891 3418 1009 3507 alioqui

166 3535 184 3591 5
224 3526 394 3606 Famosum
416 3505 516 3594 multi
528 3553 602 3598 cum
615 3529 759 3596 libertate
773 3529 935 3596 notabant.

226 3636 315 3702 Hinc
329 3639 431 3705 omnis
445 3639 563 3726 pendet
578 3640 731 3722 Lucilius,
745 3641 841 3708 hosce
856 3655 991 3721 secutus,

433 3893 449 3938 8
466 3889 539 3938 assur
549 3891 626 3938 Bentl.
637 3892 662 3939 u.
673 3892 721 3939 Bos
733 3895 808 3954 past.
827 3894 857 3942 G.
890 3896 942 3942 Soa.

319 4076 390 4128 SAT.
407 4073 453 4129 IV.
740 4085 756 4129 l
772 4082 937 4131 dimincurvns
943 4090 991 4130 erat
997 4083 1110 4147 gladiolus
1116 4081 1213 4130 acinacis
1220 4095 1286 4144 mag·

128 4140 346 4212 'tarmoptaaeset
354 4146 450 4206 Eupolis
459 4141 609 4211 caramque
612 4163 675 4209 μνω-
708 4148 816 4196 nitudine.

116 4206 172 4263 ψ’·
200 4207 325 4272 ffiprtaa
342 4210 451 4259 Arctoa
468 4214 675 4275 Comminasmip-
740 4212 1287 4273 bMaltooamlibertate5utcelnoatiaaos-

36 4281 39 4290 “
117 4277 189 4318 aaut
707 4279 831 4326 amdam.

141 4334 154 4380 ²
173 4337 282 4394 Virorum,
302 4338 426 4400 πλιηίζιι.
458 4341 497 4389 Sie
513 4350 537 4390 et
556 4342 677 4392 Lucretius
741 4347 757 4392 6
775 4345 841 4394 Hinc
857 4345 937 4402 mab,
949 4343 1023 4394 Totus
1034 4349 1070 4392 est
1086 4345 1110 4392 in
1123 4344 1166 4392 hac
1179 4342 1289 4391 libertate.

117 4397 204 4526 ξολ
220 4405 676 4470 ammomum·
732 4414 743 4424 ·
1172 4403 1177 4410 “
