2972 5020
436 291 710 406 spumosum
733 335 808 401 Lm.
833 331 859 401 1.
884 346 913 403 r.

185 505 254 584 Qui
269 507 372 574 locus
390 510 498 575 aforti
513 506 672 574 Diomede
686 520 734 574 est
747 507 891 574 maditus
905 505 993 572 olim.

185 617 367 685 Flentibus
384 591 440 686 hic
454 621 570 696 Varius
585 618 718 684 discedit
731 631 862 683 moestus
876 619 994 683 amicis.

185 727 270 792 Inde
288 729 416 822 Rubos
431 731 503 796 fessi
516 729 726 816 pervenimus,
741 740 851 814 utpote
865 729 996 816 longum

109 845 144 902 95
186 837 382 923 carpentes
398 842 468 919 iter,
484 852 516 905 et
528 840 645 904 factum
660 839 838 924 corruptius
852 839 955 923 imbri.

187 945 335 1014 Postera
350 961 524 1036 tempestas
539 949 651 1016 melior
659 973 669 1027 3
691 949 741 1014 via
755 951 845 1036 pejor
860 949 1000 1037 adusque

185 1055 269 1120 Bari
286 1062 417 1126 moenia
426 1061 550 1147 piscosi.
573 1059 646 1124 dein
663 1059 782 1124 Gnatia
794 1059 931 1146 lymphis

186 1165 288 1233 lratis
305 1183 461 1237 extructa
474 1169 562 1235 dedit
575 1169 718 1257 risusque
727 1171 880 1258 jocosque
891 1195 900 1248 3

188 1277 287 1343 Dum
302 1261 440 1346 flammi
455 1281 532 1360 siue,
548 1292 621 1344 tura
634 1281 809 1368 liquescere
823 1281 931 1346 limine
945 1305 1034 1348 sacro

93 1391 147 1449 100
189 1387 406 1456 Persuadere
420 1393 516 1477 cupit.
538 1391 646 1456 credat
659 1390 791 1455 Judaeus
807 1391 931 1476 Apella,

189 1499 272 1566 Non
289 1525 379 1590 ego:
402 1523 539 1588 namque
555 1500 631 1565 deos
646 1498 743 1566 didici
757 1523 901 1566 securum
916 1525 1010 1590 agere
1024 1527 1144 1582 aevum3

190 1609 277 1690 Nec,
296 1613 328 1676 si
344 1611 422 1698 quid
436 1611 509 1674 miri
523 1611 615 1675 faciat
628 1621 752 1688 nature,
769 1609 844 1674 deos
860 1610 893 1674 id

195 1718 331 1786 Tristes
347 1743 389 1786 ex
403 1721 467 1786 alto
481 1722 552 1786 coeli
566 1721 730 1786 demittere
743 1731 836 1785 teoto.

193 1829 427 1898 Brundusium
440 1832 545 1918 longae
559 1831 632 1896 finis
647 1831 826 1918 chartaque
840 1833 970 1920 viaeque.

81 2030 107 2075 9³
119 2027 167 2076 binc
176 2031 228 2079 edd.
239 2040 295 2081 retr.
380 2035 413 2080 97
425 2046 468 2092 pro
479 2032 559 2079 dehinc
576 2045 631 2080 cum
646 2033 723 2079 Buri.
738 2033 790 2079 dedi
800 2033 851 2080 dein
861 2048 887 2080 ec
902 2035 966 2082 codd.
975 2035 1007 2081 ad
1021 2033 1141 2084 vitandum
1157 2049 1264 2097 nurerum

425 2111 561 2144 conuersum
571 2103 671 2160 quatuor
681 2098 862 2145 emanantium.
894 2097 921 2146 Z.

109 2261 137 2306 92
153 2258 285 2309 Canusium
297 2268 321 2310 et
331 2260 468 2324 Argyripae
476 2259 590 2310 Diomede
601 2275 656 2310 corr·
687 2274 751 2309 mam
762 2261 868 2310 erdem.
883 2261 956 2322 Apud
966 2263 1061 2326 nwjmr
1070 2279 1118 2311 crte
1128 2281 1176 2313 ooo
1185 2267 1265 2313 incer„

86 2322 122 2370 diu
130 2323 264 2375 ferebantur.
688 2328 805 2380 debemur,
818 2328 857 2374 red
868 2327 945 2386 ignem
960 2329 1064 2378 divinum
1076 2331 1179 2389 precium
1193 2332 1264 2377 elicie-

113 2392 140 2434 95
156 2393 300 2453 Conuptr'w,
312 2392 365 2438 h.e.
375 2391 488 2438 humidius
496 2397 520 2438 et
529 2389 632 2438 lutosius.
687 2391 748 2444 bant,
760 2393 800 2452 qui
809 2393 940 2438 incendebat
950 2394 1040 2441 altaria.
1066 2393 1153 2441 Livius.

112 2455 140 2500 97
157 2456 241 2504 mata
256 2473 301 2520 per
317 2455 453 2518 Aphaeresiu
467 2456 543 2518 posuit
555 2472 596 2518 pro
607 2457 658 2516 Eg·
723 2460 768 2503 100
785 2455 859 2502 Recte
879 2462 942 2518 putat
964 2457 1064 2520 Scaliger
1085 2459 1190 2520 Apuliam
1216 2473 1266 2506 esse

87 2519 146 2564 reta.
173 2522 205 2567 In
212 2525 276 2582 pede
286 2520 371 2568 moris
380 2521 423 2566 orta
433 2527 470 2574 ert,
482 2529 503 2566 et
513 2527 620 2567 torrentes
629 2522 658 2566 de
688 2521 802 2583 proprium
819 2535 901 2567 nomen
920 2522 1014 2584 alicujus
1029 2521 1104 2570 Judaei
1121 2538 1148 2570 eo
1164 2530 1265 2586 tempore

89 2584 186 2631 muribus
211 2602 300 2648 mgno
319 2587 407 2646 irnpetu
433 2587 575 2633 decumanae
600 2599 658 2646 amre
689 2586 807 2632 notissimi.

89 2661 184 2706 ruptam
193 2651 475 2712 urbupcrtemdiruuut.
723 2653 764 2697 101
785 2651 880 2705 Miri,-
899 2665 929 2698 ex
947 2649 1041 2714 Epicuri
1063 2651 1151 2714 scriptis
1172 2651 1264 2706 scilicet,

116 2715 143 2758 98
158 2715 268 2764 Παπιφηα
278 2717 345 2772 sinu
366 2715 443 2760 scribit
464 2711 490 2760 et'
504 2713 590 2761 Plinius
598 2729 606 2772 ;
624 2715 658 2762 In
690 2721 759 2776 atque
770 2714 878 2762 Lucretii.
1156 2764 1157 2768 ,

92 2775 189 2825 &miro
209 2783 291 2842 oppido
309 2780 414 2840 Egnatia
435 2779 535 2839 impou'to
553 2780 613 2839 ligno
631 2781 658 2826 in
723 2781 770 2825 lut
786 2780 950 2829 Brartdurium
967 2796 981 2826 a
998 2780 1094 2828 cervinis
1109 2780 1213 2831 cornibus
1227 2795 1266 2842 ap·

92 2853 159 2890 mmm
173 2849 288 2908 pudeam
304 2845 335 2894 ibi
351 2858 451 2900 romum
467 2844 573 2905 pretium
580 2845 657 2908 start-
688 2844 808 2906 pellatum:
828 2859 880 2893 nam
891 2843 996 2894 AEolibus
1006 2841 1087 2911 βείνδος
1097 2859 1185 2896 cervus,
