2964 5022
535 299 576 376 Q.
600 295 808 364 HORATII
837 294 1008 362 FLACCI

303 471 431 539 Dilecta
445 482 598 558 quantum
612 491 677 535 non
694 467 815 536 Pholoe
829 467 938 556 fugax,

305 584 382 649 Non
397 581 544 648 Chloris:
568 579 641 645 albo
656 579 700 651 sic
713 578 849 647 humero
857 578 977 658 nitens,

348 693 397 760 Ut
410 713 491 778 pura
504 703 661 756 nocturno
675 690 799 758 renidet

221 813 263 870 20
392 803 486 868 Luna
499 801 590 880 mari,
607 801 784 876 Gnidiusse
800 801 929 890 Gyges3

307 914 413 990 Quem
428 914 454 978 si
468 911 645 999 puellarum
659 911 813 978 insereres
831 910 940 990 choro,

306 1023 392 1090 Mire
407 1045 533 1110 sagaces
548 1022 668 1087 falleret
683 1022 822 1109 hospites

348 1134 528 1200 Discrimen
544 1134 724 1213 obscurum,
741 1133 850 1208 solutis

392 1245 550 1323 Crinibus
565 1244 777 1331 ambiguoque
791 1245 889 1311 vultu.

594 1444 626 1488 20
638 1440 763 1492 Cnidiusve
776 1441 859 1491 Lamo.
871 1445 947 1491 Remi.

677 1646 830 1657 *ι’-ιιι-

653 1831 782 1915 ODE
811 1831 887 1914 VI.

632 2022 682 2070 AD
700 2017 909 2072 SEPTIMIUM.

640 2164 743 2211 Metram
761 2162 904 2222 saqutcom.

310 2324 465 2401 Summi,
483 2322 591 2387 Gades
607 2322 729 2386 aditure
744 2343 878 2397 meeum,
897 2332 930 2384 et

310 2433 506 2498 Cantabrum
520 2433 682 2498 indoctum
693 2435 773 2518 juga
786 2432 868 2496 ferre
882 2441 1001 2508 nostra,
1017 2443 1049 2493 et

307 2544 464 2609 Barbaros
481 2545 599 2631 Syrtes,
614 2543 669 2608 ubi
687 2543 803 2614 Maura
818 2563 943 2626 semper

478 2654 609 2720 AEstuat
621 2654 727 2732 unds3

242 2774 262 2831 5
307 2764 409 2830 Tibur
427 2765 535 2852 Argeo
549 2767 686 2851 positum
701 2765 815 2830 colono

308 2877 356 2941 Sit
370 2897 450 2940 meae
465 2876 555 2941 sedes
570 2876 690 2942 utinam
705 2888 858 2952 senectae3

310 2987 357 3053 Sit
370 2987 484 3052 modus
498 2987 582 3051 lasso
595 2987 691 3052 maris
706 3000 738 3052 et
751 2987 873 3051 viarum

481 3096 688 3185 Militiaeque:

310 3207 407 3273 Unde
421 3208 448 3272 si
464 3208 574 3273 Parcae
589 3209 759 3294 prohibent
773 3208 899 3295 iniquae,

225 3324 264 3384 10
308 3318 414 3384 Dulce
429 3318 544 3404 pellitis
559 3319 670 3384 ovibus
686 3319 795 3384 Galesi

308 3429 444 3494 Flumen
458 3441 490 3494 et
504 3442 636 3517 regnata
648 3441 755 3515 petum
771 3429 893 3494 Loooni

480 3541 571 3605 Rura
586 3540 752 3605 Phalanto.

306 3649 365 3715 Ille
380 3662 536 3716 terrarum
550 3651 629 3715 mihi
642 3662 758 3738 praeter
772 3672 883 3715 omnes

309 3760 457 3850 Angulus
471 3761 563 3839 ridet,
579 3761 635 3825 ubi
648 3783 714 3826 non
731 3761 888 3848 Hymetto

523 3925 553 3969 10
565 3921 652 3970 Galoesi
663 3923 718 3971 Ian.
785 3927 814 3971 12
827 3923 954 3972 Phalantho
965 3927 1012 3974 att

399 4060 472 4109 ODE
489 4059 534 4111 Vl.
821 4067 836 4110 9
853 4065 947 4126 Iniqrsoe
957 4081 999 4127 pro
1006 4067 1062 4126 plus
1072 4079 1137 4129 aeqrso
1148 4069 1255 4115 crudeles.

823 4133 851 4175 10
872 4131 1005 4178 Tamuinae
1014 4147 1063 4179 oves
1074 4133 1170 4192 pultibus
1181 4140 1299 4193 tegumur.
1332 4133 1370 4182 sie

208 4194 225 4239 8
241 4189 329 4240 Mauro
340 4207 382 4255 pro
393 4189 507 4239 Africana.
788 4202 811 4241 et
833 4210 901 4258 omne
924 4194 1032 4243 Graecum
1056 4213 1126 4260 pecus
1147 4198 1176 4244 ed
1203 4200 1370 4247 conservandas

209 4259 225 4302 ὅ
242 4257 317 4318 Argeo
329 4273 373 4318 pro
384 4257 475 4317 Argivo,
487 4257 581 4319 antima
596 4257 687 4306 dictim.
714 4257 754 4306 Tr·
788 4260 858 4308 lunas.

175 4322 273 4369 buruum
284 4322 337 4369 dicit
348 4323 453 4382 Argeum
463 4323 575 4371 colonum.
822 4327 851 4372 12
871 4326 921 4378 Quo
931 4333 1011 4372 autore
1020 4334 1042 4373 et
1050 4328 1152 4389 principe
1161 4329 1292 4377 Porthmioe
1300 4331 1370 4392 Spur-

208 4386 406 4447 Dieimuspmrere
415 4402 500 4444 muros,
508 4397 710 4448 pmeerestutuam.
786 4390 836 4436 toni
851 4391 980 4438 Turonum
990 4393 1146 4441 considemus.

209 4453 326 4500 'tModus
337 4467 401 4500 nunc
408 4453 578 4516 profinedirit.
823 4457 853 4500 ll
869 4456 945 4512 Ridet,
957 4457 1072 4505 laetusest.
