<?xml version="1.0" encoding="UTF-8"?>
<!DOCTYPE html PUBLIC "-//W3C//DTD XHTML 1.0 Transitional//EN"
    "http://www.w3.org/TR/xhtml1/DTD/xhtml1-transitional.dtd">
<html xmlns="http://www.w3.org/1999/xhtml" xml:lang="en" lang="en">
 <head>
  <title>
</title>
<meta http-equiv="Content-Type" content="text/html;charset=utf-8" />
  <meta name='ocr-system' content='tesseract 3.04.00' />
  <meta name='ocr-capabilities' content='ocr_page ocr_carea ocr_par ocr_line ocrx_word'/>
</head>
<body>
  <div class='ocr_page' id='page_1' title='image "./operacumselecti00horagoog_0357.png"; bbox 0 0 2954 5022; ppageno 0'>
   <div class='ocr_carea' id='block_1_1' title="bbox 197 267 1027 350">
    <p class='ocr_par' dir='ltr' id='par_1_1' title="bbox 197 267 1027 350">
     <span class='ocr_line' id='line_1_1' title="bbox 197 267 1027 350; baseline -0.006 -12"><span class='ocrx_word' id='word_1_1' title='bbox 197 280 262 340; x_wconf 79' lang='lat'><strong>³50</strong></span> <span class='ocrx_word' id='word_1_2' title='bbox 560 273 602 350; x_wconf 84' lang='lat' dir='ltr'><strong>Q.</strong></span> <span class='ocrx_word' id='word_1_3' title='bbox 626 267 831 340; x_wconf 71' lang='lat' dir='ltr'><strong>Hoanrn</strong></span> <span class='ocrx_word' id='word_1_4' title='bbox 856 267 1027 340; x_wconf 83' lang='lat' dir='ltr'>FLACCI</span> 
     </span>
    </p>
   </div>
   <div class='ocr_carea' id='block_1_2' title="bbox 240 416 1199 2955">
    <p class='ocr_par' dir='ltr' id='par_1_2' title="bbox 240 416 1199 2955">
     <span class='ocr_line' id='line_1_2' title="bbox 296 416 1153 532; baseline -0.007 -22"><span class='ocrx_word' id='word_1_5' title='bbox 296 416 310 458; x_wconf 68' lang='lat'><strong>‘⁴</strong></span> <span class='ocrx_word' id='word_1_6' title='bbox 327 441 501 510; x_wconf 71' lang='lat' dir='ltr'><strong>stultitiam</strong></span> <span class='ocrx_word' id='word_1_7' title='bbox 513 444 676 532; x_wconf 81' lang='lat' dir='ltr'><strong>psthmtur</strong></span> <span class='ocrx_word' id='word_1_8' title='bbox 689 465 785 530; x_wconf 81' lang='lat' dir='ltr'><strong>opest</strong></span> <span class='ocrx_word' id='word_1_9' title='bbox 808 441 865 510; x_wconf 91' lang='lat' dir='ltr'><strong>tibi</strong></span> <span class='ocrx_word' id='word_1_10' title='bbox 878 441 1011 530; x_wconf 86' lang='lat' dir='ltr'><strong>parvula</strong></span> <span class='ocrx_word' id='word_1_11' title='bbox 1023 462 1075 505; x_wconf 84' lang='lat' dir='ltr'><strong>rer</strong></span> <span class='ocrx_word' id='word_1_12' title='bbox 1089 451 1153 504; x_wconf 77' lang='lat' dir='ltr'><strong>este</strong></span> 
     </span>
     <span class='ocr_line' id='line_1_3' title="bbox 240 529 1190 641; baseline -0.004 -25"><span class='ocrx_word' id='word_1_13' title='bbox 240 557 284 616; x_wconf 68' lang='lat'><strong>86</strong></span> <span class='ocrx_word' id='word_1_14' title='bbox 294 529 310 569; x_wconf 42' lang='grc' dir='ltr'><strong>ι’</strong></span> <span class='ocrx_word' id='word_1_15' title='bbox 325 555 427 620; x_wconf 79' lang='lat' dir='ltr'><strong>Arata</strong></span> <span class='ocrx_word' id='word_1_16' title='bbox 440 555 533 624; x_wconf 83' lang='lat' dir='ltr'><strong>decet</strong></span> <span class='ocrx_word' id='word_1_17' title='bbox 545 577 657 621; x_wconf 83' lang='lat' dir='ltr'><strong>sanum</strong></span> <span class='ocrx_word' id='word_1_18' title='bbox 670 556 817 620; x_wconf 87' lang='lat' dir='ltr'><strong>comitem</strong></span> <span class='ocrx_word' id='word_1_19' title='bbox 832 567 924 641; x_wconf 83' lang='lat' dir='ltr'><strong>toga3</strong></span> <span class='ocrx_word' id='word_1_20' title='bbox 945 551 1054 616; x_wconf 88' lang='lat' dir='ltr'><strong>desiue</strong></span> <span class='ocrx_word' id='word_1_21' title='bbox 1067 571 1190 614; x_wconf 88' lang='lat' dir='ltr'><strong>mecum</strong></span> 
     </span>
     <span class='ocr_line' id='line_1_4' title="bbox 293 643 1184 753; baseline -0.007 -23"><span class='ocrx_word' id='word_1_22' title='bbox 293 643 308 683; x_wconf 68' lang='lat'><em>⁰</em></span> <span class='ocrx_word' id='word_1_23' title='bbox 328 656 492 731; x_wconf 82' lang='lat' dir='ltr'><strong>Certare.&#39;’</strong></span> <span class='ocrx_word' id='word_1_24' title='bbox 514 667 715 751; x_wconf 80' lang='lat' dir='ltr'><strong>Eutrapelus,</strong></span> <span class='ocrx_word' id='word_1_25' title='bbox 731 666 907 753; x_wconf 84' lang='lat' dir='ltr'><strong>cuicunque</strong></span> <span class='ocrx_word' id='word_1_26' title='bbox 921 685 1036 729; x_wconf 88' lang='lat' dir='ltr'><strong>nocere</strong></span> <span class='ocrx_word' id='word_1_27' title='bbox 1049 660 1184 737; x_wconf 83' lang='lat' dir='ltr'><strong>volebat,</strong></span> 
     </span>
     <span class='ocr_line' id='line_1_5' title="bbox 278 773 1108 861; baseline -0.002 -23"><span class='ocrx_word' id='word_1_28' title='bbox 278 823 280 828; x_wconf 78' lang='lat'><em>.</em></span> <span class='ocrx_word' id='word_1_29' title='bbox 326 773 522 840; x_wconf 77' lang='lat' dir='ltr'><strong>Vestimenta</strong></span> <span class='ocrx_word' id='word_1_30' title='bbox 535 776 633 842; x_wconf 84' lang='lat' dir='ltr'><strong>dabat</strong></span> <span class='ocrx_word' id='word_1_31' title='bbox 645 777 799 861; x_wconf 89' lang='lat' dir='ltr'><strong>pretiosa:</strong></span> <span class='ocrx_word' id='word_1_32' title='bbox 823 776 932 842; x_wconf 88' lang='lat' dir='ltr'><strong>beatus</strong></span> <span class='ocrx_word' id='word_1_33' title='bbox 946 775 1032 840; x_wconf 90' lang='lat' dir='ltr'><strong>enim</strong></span> <span class='ocrx_word' id='word_1_34' title='bbox 1041 775 1108 859; x_wconf 84' lang='lat' dir='ltr'><strong>jam</strong></span> 
     </span>
     <span class='ocr_line' id='line_1_6' title="bbox 330 884 1199 971; baseline -0.005 -21"><span class='ocrx_word' id='word_1_35' title='bbox 330 885 413 951; x_wconf 89' lang='lat' dir='ltr'><strong>Cum</strong></span> <span class='ocrx_word' id='word_1_36' title='bbox 427 887 567 971; x_wconf 86' lang='lat' dir='ltr'><strong>pulchris</strong></span> <span class='ocrx_word' id='word_1_37' title='bbox 581 887 695 952; x_wconf 89' lang='lat' dir='ltr'><strong>tunicis</strong></span> <span class='ocrx_word' id='word_1_38' title='bbox 709 898 812 952; x_wconf 90' lang='lat' dir='ltr'><strong>sumet</strong></span> <span class='ocrx_word' id='word_1_39' title='bbox 825 906 908 952; x_wconf 88' lang='lat' dir='ltr'><strong>nova</strong></span> <span class='ocrx_word' id='word_1_40' title='bbox 921 884 1051 950; x_wconf 88' lang='lat' dir='ltr'><strong>consilia</strong></span> <span class='ocrx_word' id='word_1_41' title='bbox 1064 895 1096 948; x_wconf 89' lang='lat' dir='ltr'><strong>et</strong></span> <span class='ocrx_word' id='word_1_42' title='bbox 1109 903 1199 966; x_wconf 84' lang='lat' dir='ltr'><strong>spes:</strong></span> 
     </span>
     <span class='ocr_line' id='line_1_7' title="bbox 326 995 1148 1082; baseline -0.002 -22"><span class='ocrx_word' id='word_1_43' title='bbox 326 996 475 1064; x_wconf 88' lang='lat' dir='ltr'><strong>Dormiet</strong></span> <span class='ocrx_word' id='word_1_44' title='bbox 489 997 522 1060; x_wconf 91' lang='lat' dir='ltr'><strong>in</strong></span> <span class='ocrx_word' id='word_1_45' title='bbox 536 997 657 1074; x_wconf 81' lang='lat' dir='ltr'><strong>lucem3</strong></span> <span class='ocrx_word' id='word_1_46' title='bbox 679 1009 784 1062; x_wconf 87' lang='lat' dir='ltr'><strong>scorto</strong></span> <span class='ocrx_word' id='word_1_47' title='bbox 797 1008 967 1082; x_wconf 84' lang='lat' dir='ltr'>postponet</span> <span class='ocrx_word' id='word_1_48' title='bbox 980 995 1148 1059; x_wconf 89' lang='lat' dir='ltr'><strong>honestum</strong></span> 
     </span>
     <span class='ocr_line' id='line_1_8' title="bbox 241 1105 1112 1192; baseline -0.005 -22"><span class='ocrx_word' id='word_1_49' title='bbox 241 1115 282 1171; x_wconf 76' lang='lat'><strong>35</strong></span> <span class='ocrx_word' id='word_1_50' title='bbox 326 1105 493 1184; x_wconf 84' lang='lat' dir='ltr'><strong>Officium3</strong></span> <span class='ocrx_word' id='word_1_51' title='bbox 515 1129 661 1172; x_wconf 85' lang='lat' dir='ltr'><strong>nummos</strong></span> <span class='ocrx_word' id='word_1_52' title='bbox 677 1107 795 1172; x_wconf 84' lang='lat' dir='ltr'><strong>alienos</strong></span> <span class='ocrx_word' id='word_1_53' title='bbox 809 1119 936 1192; x_wconf 86' lang='lat' dir='ltr'><strong>pascet;</strong></span> <span class='ocrx_word' id='word_1_54' title='bbox 958 1105 1112 1170; x_wconf 83' lang='lat' dir='ltr'><strong>adimam</strong></span> 
     </span>
     <span class='ocr_line' id='line_1_9' title="bbox 328 1213 1155 1304; baseline -0.004 -23"><span class='ocrx_word' id='word_1_55' title='bbox 328 1215 440 1282; x_wconf 70' lang='lat' dir='ltr'><strong>Tmex</strong></span> <span class='ocrx_word' id='word_1_56' title='bbox 454 1217 523 1294; x_wconf 83' lang='lat' dir='ltr'><strong>erit,</strong></span> <span class='ocrx_word' id='word_1_57' title='bbox 539 1229 595 1282; x_wconf 88' lang='lat' dir='ltr'><strong>aut</strong></span> <span class='ocrx_word' id='word_1_58' title='bbox 608 1217 727 1281; x_wconf 87' lang='lat' dir='ltr'><strong>olitoris</strong></span> <span class='ocrx_word' id='word_1_59' title='bbox 742 1231 814 1304; x_wconf 89' lang='lat' dir='ltr'><strong>aget</strong></span> <span class='ocrx_word' id='word_1_60' title='bbox 828 1216 972 1282; x_wconf 82' lang='lat' dir='ltr'><strong>mercede</strong></span> <span class='ocrx_word' id='word_1_61' title='bbox 987 1213 1155 1280; x_wconf 87' lang='lat' dir='ltr'><strong>caballum.</strong></span> 
     </span>
     <span class='ocr_line' id='line_1_10' title="bbox 330 1326 1132 1413; baseline -0.001 -24"><span class='ocrx_word' id='word_1_62' title='bbox 330 1326 492 1392; x_wconf 84' lang='lat' dir='ltr'><strong>Arcanum</strong></span> <span class='ocrx_word' id='word_1_63' title='bbox 506 1349 609 1413; x_wconf 89' lang='lat' dir='ltr'><strong>neque</strong></span> <span class='ocrx_word' id='word_1_64' title='bbox 624 1339 658 1392; x_wconf 88' lang='lat' dir='ltr'><strong>tu</strong></span> <span class='ocrx_word' id='word_1_65' title='bbox 673 1327 861 1394; x_wconf 80' lang='lat' dir='ltr'><strong>scrutaberis</strong></span> <span class='ocrx_word' id='word_1_66' title='bbox 875 1327 958 1392; x_wconf 92' lang='lat' dir='ltr'><strong>illius</strong></span> <span class='ocrx_word' id='word_1_67' title='bbox 973 1347 1132 1412; x_wconf 79' lang='lat' dir='ltr'><strong>unquam3</strong></span> 
     </span>
     <span class='ocr_line' id='line_1_11' title="bbox 332 1414 1084 1524; baseline -0.001 -24"><span class='ocrx_word' id='word_1_68' title='bbox 332 1435 606 1523; x_wconf 86' lang='lat' dir='ltr'><strong>Commissumque</strong></span> <span class='ocrx_word' id='word_1_69' title='bbox 620 1451 717 1524; x_wconf 84' lang='lat' dir='ltr'><strong>teges,</strong></span> <span class='ocrx_word' id='word_1_70' title='bbox 733 1455 765 1505; x_wconf 93' lang='lat' dir='ltr'><strong>et</strong></span> <span class='ocrx_word' id='word_1_71' title='bbox 778 1438 852 1502; x_wconf 88' lang='lat' dir='ltr'><strong>vino</strong></span> <span class='ocrx_word' id='word_1_72' title='bbox 867 1449 967 1502; x_wconf 90' lang='lat' dir='ltr'><strong>tortus</strong></span> <span class='ocrx_word' id='word_1_73' title='bbox 982 1448 1014 1500; x_wconf 92' lang='lat' dir='ltr'><strong>et</strong></span> <span class='ocrx_word' id='word_1_74' title='bbox 1027 1414 1084 1499; x_wconf 63' lang='lat' dir='ltr'><strong>iri.</strong></span> 
     </span>
     <span class='ocr_line' id='line_1_12' title="bbox 326 1527 1138 1630; baseline -0.004 -19"><span class='ocrx_word' id='word_1_75' title='bbox 326 1547 396 1611; x_wconf 90' lang='lat' dir='ltr'><strong>Nec</strong></span> <span class='ocrx_word' id='word_1_76' title='bbox 411 1559 465 1612; x_wconf 87' lang='lat' dir='ltr'><strong>tua</strong></span> <span class='ocrx_word' id='word_1_77' title='bbox 478 1546 621 1612; x_wconf 82' lang='lat' dir='ltr'><strong>laudabis</strong></span> <span class='ocrx_word' id='word_1_78' title='bbox 636 1548 749 1626; x_wconf 87' lang='lat' dir='ltr'><strong>studia,</strong></span> <span class='ocrx_word' id='word_1_79' title='bbox 765 1560 820 1612; x_wconf 86' lang='lat' dir='ltr'><strong>aut</strong></span> <span class='ocrx_word' id='word_1_80' title='bbox 833 1547 935 1612; x_wconf 89' lang='lat' dir='ltr'><strong>aliena</strong></span> <span class='ocrx_word' id='word_1_81' title='bbox 949 1527 1138 1630; x_wconf 72' lang='lat' dir='ltr'><strong>repr‘dndes3</strong></span> 
     </span>
     <span class='ocr_line' id='line_1_13' title="bbox 242 1627 1094 1744; baseline 0 -23"><span class='ocrx_word' id='word_1_82' title='bbox 242 1667 284 1723; x_wconf 89' lang='grc'><strong>40</strong></span> <span class='ocrx_word' id='word_1_83' title='bbox 327 1656 406 1734; x_wconf 92' lang='lat' dir='ltr'><strong>Nec,</strong></span> <span class='ocrx_word' id='word_1_84' title='bbox 422 1627 494 1720; x_wconf 74' lang='lat' dir='ltr'><strong>crim</strong></span> <span class='ocrx_word' id='word_1_85' title='bbox 509 1659 616 1722; x_wconf 83' lang='lat' dir='ltr'><strong>venari</strong></span> <span class='ocrx_word' id='word_1_86' title='bbox 631 1656 714 1722; x_wconf 88' lang='lat' dir='ltr'><strong>volet</strong></span> <span class='ocrx_word' id='word_1_87' title='bbox 728 1656 790 1734; x_wconf 89' lang='lat' dir='ltr'><strong>ille,</strong></span> <span class='ocrx_word' id='word_1_88' title='bbox 796 1657 951 1743; x_wconf 83' lang='lat' dir='ltr'><strong>&#39;po&#39;e&#39;mata</strong></span> <span class='ocrx_word' id='word_1_89' title='bbox 965 1677 1094 1744; x_wconf 82' lang='lat' dir='ltr'><strong>pangas.</strong></span> 
     </span>
     <span class='ocr_line' id='line_1_14' title="bbox 328 1767 1187 1853; baseline -0.001 -22"><span class='ocrx_word' id='word_1_90' title='bbox 328 1767 441 1831; x_wconf 87' lang='lat' dir='ltr'><strong>Gratia</strong></span> <span class='ocrx_word' id='word_1_91' title='bbox 454 1768 499 1830; x_wconf 89' lang='lat' dir='ltr'><strong>sic</strong></span> <span class='ocrx_word' id='word_1_92' title='bbox 513 1769 645 1832; x_wconf 82' lang='lat' dir='ltr'><strong>fratrum</strong></span> <span class='ocrx_word' id='word_1_93' title='bbox 659 1768 870 1853; x_wconf 84' lang='lat' dir='ltr'><strong>geminorum,</strong></span> <span class='ocrx_word' id='word_1_94' title='bbox 887 1767 1078 1852; x_wconf 89' lang='lat' dir='ltr'><strong>Amphionis</strong></span> <span class='ocrx_word' id='word_1_95' title='bbox 1093 1779 1187 1853; x_wconf 89' lang='lat' dir='ltr'><strong>atque</strong></span> 
     </span>
     <span class='ocr_line' id='line_1_15' title="bbox 330 1877 991 1962; baseline -0.003 -20"><span class='ocrx_word' id='word_1_96' title='bbox 330 1877 431 1956; x_wconf 89' lang='lat' dir='ltr'><strong>Zethi,</strong></span> <span class='ocrx_word' id='word_1_97' title='bbox 448 1877 591 1956; x_wconf 83' lang='lat' dir='ltr'><strong>dissiluit,</strong></span> <span class='ocrx_word' id='word_1_98' title='bbox 607 1877 709 1942; x_wconf 90' lang='lat' dir='ltr'><strong>donec</strong></span> <span class='ocrx_word' id='word_1_99' title='bbox 724 1891 868 1962; x_wconf 82' lang='lat' dir='ltr'><strong>suspecta</strong></span> <span class='ocrx_word' id='word_1_100' title='bbox 882 1898 991 1942; x_wconf 87' lang='lat' dir='ltr'><strong>severo</strong></span> 
     </span>
     <span class='ocr_line' id='line_1_16' title="bbox 328 1986 1054 2072; baseline -0.001 -21"><span class='ocrx_word' id='word_1_101' title='bbox 328 1986 489 2051; x_wconf 89' lang='lat' dir='ltr'><strong>Conticuit</strong></span> <span class='ocrx_word' id='word_1_102' title='bbox 502 1987 581 2072; x_wconf 82' lang='lat' dir='ltr'><strong>lyra.</strong></span> <span class='ocrx_word' id='word_1_103' title='bbox 624 1988 768 2052; x_wconf 88' lang='lat' dir='ltr'><strong>fraternis</strong></span> <span class='ocrx_word' id='word_1_104' title='bbox 783 1987 912 2052; x_wconf 87' lang='lat' dir='ltr'><strong>cessisse</strong></span> <span class='ocrx_word' id='word_1_105' title='bbox 925 1999 1054 2072; x_wconf 89' lang='lat' dir='ltr'><strong>putatur</strong></span> 
     </span>
     <span class='ocr_line' id='line_1_17' title="bbox 329 2096 1082 2182; baseline -0.001 -21"><span class='ocrx_word' id='word_1_106' title='bbox 329 2097 477 2162; x_wconf 87' lang='lat' dir='ltr'><strong>Moribus</strong></span> <span class='ocrx_word' id='word_1_107' title='bbox 492 2096 675 2182; x_wconf 86' lang='lat' dir='ltr'><strong>Amphion:</strong></span> <span class='ocrx_word' id='word_1_108' title='bbox 690 2109 733 2160; x_wconf 85' lang='lat' dir='ltr'><strong>tu</strong></span> <span class='ocrx_word' id='word_1_109' title='bbox 748 2097 826 2162; x_wconf 88' lang='lat' dir='ltr'><strong>cede</strong></span> <span class='ocrx_word' id='word_1_110' title='bbox 839 2097 975 2182; x_wconf 86' lang='lat' dir='ltr'><strong>potentis</strong></span> <span class='ocrx_word' id='word_1_111' title='bbox 989 2097 1082 2161; x_wconf 86' lang='lat' dir='ltr'><strong>amici</strong></span> 
     </span>
     <span class='ocr_line' id='line_1_18' title="bbox 242 2207 1128 2294; baseline -0.002 -21"><span class='ocrx_word' id='word_1_112' title='bbox 242 2218 284 2274; x_wconf 80' lang='lat'><strong>45</strong></span> <span class='ocrx_word' id='word_1_113' title='bbox 328 2208 470 2272; x_wconf 89' lang='lat' dir='ltr'><strong>Lenibus</strong></span> <span class='ocrx_word' id='word_1_114' title='bbox 484 2207 640 2293; x_wconf 84' lang='lat' dir='ltr'><strong>imperiis3</strong></span> <span class='ocrx_word' id='word_1_115' title='bbox 663 2207 846 2294; x_wconf 92' lang='lat' dir='ltr'><strong>quotiesque</strong></span> <span class='ocrx_word' id='word_1_116' title='bbox 861 2207 973 2272; x_wconf 87' lang='lat' dir='ltr'><strong>educet</strong></span> <span class='ocrx_word' id='word_1_117' title='bbox 987 2207 1020 2272; x_wconf 92' lang='lat' dir='ltr'><strong>in</strong></span> <span class='ocrx_word' id='word_1_118' title='bbox 1034 2229 1128 2293; x_wconf 85' lang='lat' dir='ltr'><strong>agros</strong></span> 
     </span>
     <span class='ocr_line' id='line_1_19' title="bbox 331 2317 1042 2405; baseline -0.003 -21"><span class='ocrx_word' id='word_1_119' title='bbox 331 2319 448 2384; x_wconf 87' lang='lat' dir='ltr'><strong>AEtolis</strong></span> <span class='ocrx_word' id='word_1_120' title='bbox 463 2331 592 2382; x_wconf 88' lang='lat' dir='ltr'><strong>onerata</strong></span> <span class='ocrx_word' id='word_1_121' title='bbox 606 2317 707 2404; x_wconf 82' lang='lat' dir='ltr'><strong>plagis</strong></span> <span class='ocrx_word' id='word_1_122' title='bbox 716 2319 861 2402; x_wconf 85' lang='lat' dir='ltr'><strong>jumenta</strong></span> <span class='ocrx_word' id='word_1_123' title='bbox 875 2339 1042 2405; x_wconf 84' lang='lat' dir='ltr'><strong>canesque,</strong></span> 
     </span>
     <span class='ocr_line' id='line_1_20' title="bbox 327 2427 1146 2516; baseline -0.007 -20"><span class='ocrx_word' id='word_1_124' title='bbox 327 2431 440 2516; x_wconf 86' lang='lat' dir='ltr'><strong>Surge,</strong></span> <span class='ocrx_word' id='word_1_125' title='bbox 456 2442 488 2492; x_wconf 90' lang='lat' dir='ltr'><strong>et</strong></span> <span class='ocrx_word' id='word_1_126' title='bbox 502 2427 682 2492; x_wconf 86' lang='lat' dir='ltr'><strong>inhumanae</strong></span> <span class='ocrx_word' id='word_1_127' title='bbox 696 2427 818 2492; x_wconf 89' lang='lat' dir='ltr'><strong>senium</strong></span> <span class='ocrx_word' id='word_1_128' title='bbox 833 2427 957 2512; x_wconf 91' lang='lat' dir='ltr'><strong>depone</strong></span> <span class='ocrx_word' id='word_1_129' title='bbox 974 2428 1146 2506; x_wconf 85' lang='lat' dir='ltr'><strong>Camoenae,</strong></span> 
     </span>
     <span class='ocr_line' id='line_1_21' title="bbox 328 2538 1090 2624; baseline -0.001 -19"><span class='ocrx_word' id='word_1_130' title='bbox 328 2541 444 2605; x_wconf 89' lang='lat' dir='ltr'><strong>Coenes</strong></span> <span class='ocrx_word' id='word_1_131' title='bbox 459 2550 495 2604; x_wconf 89' lang='lat' dir='ltr'><strong>ut</strong></span> <span class='ocrx_word' id='word_1_132' title='bbox 507 2538 625 2624; x_wconf 84' lang='lat' dir='ltr'><strong>pariter</strong></span> <span class='ocrx_word' id='word_1_133' title='bbox 639 2538 801 2623; x_wconf 87' lang='lat' dir='ltr'><strong>pulmenta</strong></span> <span class='ocrx_word' id='word_1_134' title='bbox 814 2538 975 2603; x_wconf 86' lang='lat' dir='ltr'><strong>laboribus</strong></span> <span class='ocrx_word' id='word_1_135' title='bbox 990 2552 1073 2604; x_wconf 90' lang='lat' dir='ltr'><strong>emta</strong></span> <span class='ocrx_word' id='word_1_136' title='bbox 1081 2564 1090 2616; x_wconf 84' lang='lat'>3</span> 
     </span>
     <span class='ocr_line' id='line_1_22' title="bbox 329 2648 1041 2735; baseline -0.003 -21"><span class='ocrx_word' id='word_1_137' title='bbox 329 2649 482 2714; x_wconf 88' lang='lat' dir='ltr'><strong>Romanis</strong></span> <span class='ocrx_word' id='word_1_138' title='bbox 497 2648 626 2713; x_wconf 89' lang='lat' dir='ltr'><strong>solenne</strong></span> <span class='ocrx_word' id='word_1_139' title='bbox 641 2648 714 2712; x_wconf 90' lang='lat' dir='ltr'><strong>viris</strong></span> <span class='ocrx_word' id='word_1_140' title='bbox 728 2672 826 2735; x_wconf 74' lang='lat' dir='ltr'><strong>opus,</strong></span> <span class='ocrx_word' id='word_1_141' title='bbox 848 2648 924 2714; x_wconf 91' lang='lat' dir='ltr'><strong>utile</strong></span> <span class='ocrx_word' id='word_1_142' title='bbox 938 2649 1041 2729; x_wconf 88' lang='lat' dir='ltr'><strong>famae,</strong></span> 
     </span>
     <span class='ocr_line' id='line_1_23' title="bbox 244 2730 1163 2846; baseline -0.001 -19"><span class='ocrx_word' id='word_1_143' title='bbox 244 2773 285 2827; x_wconf 85' lang='lat'><strong>50</strong></span> <span class='ocrx_word' id='word_1_144' title='bbox 329 2760 475 2846; x_wconf 84' lang='lat' dir='ltr'><strong>Vitaeque</strong></span> <span class='ocrx_word' id='word_1_145' title='bbox 490 2773 521 2824; x_wconf 91' lang='lat' dir='ltr'><strong>et</strong></span> <span class='ocrx_word' id='word_1_146' title='bbox 535 2758 702 2835; x_wconf 90' lang='lat' dir='ltr'><strong>membris;</strong></span> <span class='ocrx_word' id='word_1_147' title='bbox 724 2760 898 2843; x_wconf 85' lang='lat' dir='ltr'><strong>praesertim</strong></span> <span class='ocrx_word' id='word_1_148' title='bbox 914 2730 987 2822; x_wconf 75' lang='lat' dir='ltr'><strong>crim</strong></span> <span class='ocrx_word' id='word_1_149' title='bbox 1000 2759 1114 2839; x_wconf 88' lang='lat' dir='ltr'><strong>valeas,</strong></span> <span class='ocrx_word' id='word_1_150' title='bbox 1131 2775 1163 2826; x_wconf 91' lang='lat' dir='ltr'><strong>et</strong></span> 
     </span>
     <span class='ocr_line' id='line_1_24' title="bbox 328 2868 1112 2955; baseline -0.001 -20"><span class='ocrx_word' id='word_1_151' title='bbox 328 2871 389 2936; x_wconf 87' lang='lat' dir='ltr'><strong>Vel</strong></span> <span class='ocrx_word' id='word_1_152' title='bbox 405 2893 498 2936; x_wconf 90' lang='lat' dir='ltr'><strong>cursu</strong></span> <span class='ocrx_word' id='word_1_153' title='bbox 513 2891 661 2954; x_wconf 86' lang='lat' dir='ltr'><strong>superare</strong></span> <span class='ocrx_word' id='word_1_154' title='bbox 675 2890 786 2932; x_wconf 86' lang='lat' dir='ltr'><strong>canem</strong></span> <span class='ocrx_word' id='word_1_155' title='bbox 801 2868 850 2934; x_wconf 92' lang='lat' dir='ltr'><strong>vel</strong></span> <span class='ocrx_word' id='word_1_156' title='bbox 865 2869 983 2934; x_wconf 89' lang='lat' dir='ltr'><strong>viribus</strong></span> <span class='ocrx_word' id='word_1_157' title='bbox 997 2893 1112 2955; x_wconf 88' lang='lat' dir='ltr'><strong>aprum</strong></span> 
     </span>
    </p>
   </div>
   <div class='ocr_carea' id='block_1_3' title="bbox 199 3044 1388 3172">
    <p class='ocr_par' dir='ltr' id='par_1_3' title="bbox 199 3044 1388 3172">
     <span class='ocr_line' id='line_1_25' title="bbox 199 3044 1388 3099; baseline 0.003 -7"><span class='ocrx_word' id='word_1_158' title='bbox 199 3048 231 3092; x_wconf 80' lang='lat'><strong>86</strong></span> <span class='ocrx_word' id='word_1_159' title='bbox 249 3044 450 3092; x_wconf 80' lang='lat' dir='ltr'><strong>Thraxedd.vett.</strong></span> <span class='ocrx_word' id='word_1_160' title='bbox 530 3049 563 3094; x_wconf 77' lang='lat'><strong>37</strong></span> <span class='ocrx_word' id='word_1_161' title='bbox 580 3044 766 3094; x_wconf 80' lang='lat' dir='ltr'><strong>scitaberisCun.</strong></span> <span class='ocrx_word' id='word_1_162' title='bbox 797 3045 1137 3094; x_wconf 59' lang='lat' dir='ltr'><strong>illusumearrsuetiam</strong></span> <span class='ocrx_word' id='word_1_163' title='bbox 1150 3049 1179 3095; x_wconf 88' lang='lat' dir='ltr'><strong>G.</strong></span> <span class='ocrx_word' id='word_1_164' title='bbox 1261 3050 1294 3096; x_wconf 86' lang='grc'><strong>46</strong></span> <span class='ocrx_word' id='word_1_165' title='bbox 1312 3050 1388 3099; x_wconf 79' lang='lat' dir='ltr'><strong>AEolir</strong></span> 
     </span>
     <span class='ocr_line' id='line_1_26' title="bbox 596 3109 982 3172; baseline 0.005 -16"><span class='ocrx_word' id='word_1_166' title='bbox 596 3109 649 3158; x_wconf 82' lang='lat' dir='ltr'><strong>MS.</strong></span> <span class='ocrx_word' id='word_1_167' title='bbox 660 3111 715 3158; x_wconf 86' lang='lat' dir='ltr'><strong>Bos.</strong></span> <span class='ocrx_word' id='word_1_168' title='bbox 726 3117 747 3156; x_wconf 84' lang='lat' dir='ltr'><strong>et</strong></span> <span class='ocrx_word' id='word_1_169' title='bbox 764 3110 846 3158; x_wconf 83' lang='lat' dir='ltr'><strong>Ulitius</strong></span> <span class='ocrx_word' id='word_1_170' title='bbox 856 3126 893 3172; x_wconf 85' lang='lat' dir='ltr'><strong>ap.</strong></span> <span class='ocrx_word' id='word_1_171' title='bbox 906 3113 982 3158; x_wconf 67' lang='lat' dir='ltr'><strong>Basa.</strong></span> 
     </span>
    </p>
   </div>
   <div class='ocr_carea' id='block_1_4' title="bbox 196 3264 1389 4430">
    <p class='ocr_par' dir='ltr' id='par_1_4' title="bbox 196 3264 1389 4430">
     <span class='ocr_line' id='line_1_27' title="bbox 232 3264 1169 3323; baseline 0.002 -11"><span class='ocrx_word' id='word_1_172' title='bbox 232 3267 264 3312; x_wconf 79' lang='lat'><strong>29</strong></span> <span class='ocrx_word' id='word_1_173' title='bbox 280 3264 425 3320; x_wconf 58' lang='lat' dir='ltr'><strong>Palinurum·</strong></span> <span class='ocrx_word' id='word_1_174' title='bbox 438 3271 553 3312; x_wconf 76' lang='lat' dir='ltr'><strong>excusant.</strong></span> <span class='ocrx_word' id='word_1_175' title='bbox 591 3264 660 3319; x_wconf 79' lang='lat' dir='ltr'><strong>Quod</strong></span> <span class='ocrx_word' id='word_1_176' title='bbox 673 3265 696 3311; x_wconf 93' lang='lat' dir='ltr'><strong>in</strong></span> <span class='ocrx_word' id='word_1_177' title='bbox 708 3265 778 3312; x_wconf 88' lang='lat' dir='ltr'><strong>divite</strong></span> <span class='ocrx_word' id='word_1_178' title='bbox 841 3265 881 3312; x_wconf 73' lang='lat' dir='ltr'><strong>Aa</strong></span> <span class='ocrx_word' id='word_1_179' title='bbox 891 3267 966 3313; x_wconf 83' lang='lat' dir='ltr'><strong>imum</strong></span> <span class='ocrx_word' id='word_1_180' title='bbox 974 3281 984 3323; x_wconf 92' lang='lat'><strong>,·</strong></span> <span class='ocrx_word' id='word_1_181' title='bbox 996 3268 1027 3313; x_wconf 79' lang='lat' dir='ltr'><strong>ad</strong></span> <span class='ocrx_word' id='word_1_182' title='bbox 1037 3274 1169 3314; x_wconf 62' lang='lat' dir='ltr'><strong>carcanum.</strong></span> 
     </span>
     <span class='ocr_line' id='line_1_28' title="bbox 201 3328 1386 3392; baseline 0.005 -16"><span class='ocrx_word' id='word_1_183' title='bbox 201 3329 295 3376; x_wconf 84' lang='lat' dir='ltr'><strong>stultitia</strong></span> <span class='ocrx_word' id='word_1_184' title='bbox 305 3337 340 3376; x_wconf 85' lang='lat' dir='ltr'><strong>est</strong></span> <span class='ocrx_word' id='word_1_185' title='bbox 350 3337 373 3376; x_wconf 88' lang='lat' dir='ltr'><strong>et</strong></span> <span class='ocrx_word' id='word_1_186' title='bbox 386 3330 478 3384; x_wconf 82' lang='lat' dir='ltr'><strong>vanites,</strong></span> <span class='ocrx_word' id='word_1_187' title='bbox 495 3330 549 3376; x_wconf 90' lang='lat' dir='ltr'><strong>illud</strong></span> <span class='ocrx_word' id='word_1_188' title='bbox 564 3330 587 3376; x_wconf 91' lang='lat' dir='ltr'><strong>in</strong></span> <span class='ocrx_word' id='word_1_189' title='bbox 602 3345 699 3392; x_wconf 81' lang='lat' dir='ltr'><strong>paupere</strong></span> <span class='ocrx_word' id='word_1_190' title='bbox 714 3328 778 3377; x_wconf 76' lang='lat' dir='ltr'><strong>furor</strong></span> <span class='ocrx_word' id='word_1_191' title='bbox 840 3334 872 3378; x_wconf 83' lang='lat'><strong>36</strong></span> <span class='ocrx_word' id='word_1_192' title='bbox 894 3332 967 3379; x_wconf 76' lang='lat' dir='ltr'><strong>Three</strong></span> <span class='ocrx_word' id='word_1_193' title='bbox 974 3332 1034 3388; x_wconf 71' lang='lat' dir='ltr'><strong>stit,-</strong></span> <span class='ocrx_word' id='word_1_194' title='bbox 1051 3333 1205 3378; x_wconf 69' lang='lat' dir='ltr'><strong>artmorob&#39;uur</strong></span> <span class='ocrx_word' id='word_1_195' title='bbox 1214 3347 1238 3379; x_wconf 81' lang='lat' dir='ltr'><strong>se</strong></span> <span class='ocrx_word' id='word_1_196' title='bbox 1251 3333 1279 3381; x_wconf 71' lang='lat' dir='ltr'><strong>iu</strong></span> <span class='ocrx_word' id='word_1_197' title='bbox 1293 3334 1386 3388; x_wconf 78' lang='lat' dir='ltr'><strong>ludum,</strong></span> 
     </span>
     <span class='ocr_line' id='line_1_29' title="bbox 200 3394 1389 3459; baseline 0.006 -19"><span class='ocrx_word' id='word_1_198' title='bbox 200 3401 235 3440; x_wconf 89' lang='lat' dir='ltr'><strong>est</strong></span> <span class='ocrx_word' id='word_1_199' title='bbox 245 3409 272 3440; x_wconf 86' lang='lat' dir='ltr'><strong>ac</strong></span> <span class='ocrx_word' id='word_1_200' title='bbox 283 3394 402 3441; x_wconf 84' lang='lat' dir='ltr'><strong>dementis.</strong></span> <span class='ocrx_word' id='word_1_201' title='bbox 808 3403 835 3442; x_wconf 76' lang='lat' dir='ltr'><strong>ut</strong></span> <span class='ocrx_word' id='word_1_202' title='bbox 849 3397 961 3456; x_wconf 65' lang='lat' dir='ltr'><strong>gustator</strong></span> <span class='ocrx_word' id='word_1_203' title='bbox 975 3397 1011 3442; x_wconf 79' lang='lat' dir='ltr'><strong>sit.</strong></span> <span class='ocrx_word' id='word_1_204' title='bbox 1042 3395 1142 3444; x_wconf 83' lang='lat' dir='ltr'><strong>Thraces</strong></span> <span class='ocrx_word' id='word_1_205' title='bbox 1158 3397 1260 3459; x_wconf 79' lang='lat' dir='ltr'><strong>pennula</strong></span> <span class='ocrx_word' id='word_1_206' title='bbox 1275 3398 1389 3448; x_wconf 73' lang='lat' dir='ltr'><strong>Tbracics</strong></span> 
     </span>
     <span class='ocr_line' id='line_1_30' title="bbox 232 3458 1115 3523; baseline 0.003 -18"><span class='ocrx_word' id='word_1_207' title='bbox 232 3461 264 3505; x_wconf 86' lang='lat'><strong>30</strong></span> <span class='ocrx_word' id='word_1_208' title='bbox 281 3459 355 3504; x_wconf 84' lang='lat' dir='ltr'><strong>Arcto</strong></span> <span class='ocrx_word' id='word_1_209' title='bbox 372 3460 448 3514; x_wconf 57' lang='lat' dir='ltr'><strong>decem</strong></span> <span class='ocrx_word' id='word_1_210' title='bbox 465 3458 532 3520; x_wconf 82' lang='lat' dir='ltr'><strong>Toga</strong></span> <span class='ocrx_word' id='word_1_211' title='bbox 545 3475 596 3520; x_wconf 69' lang='lat' dir='ltr'><strong>quse</strong></span> <span class='ocrx_word' id='word_1_212' title='bbox 613 3460 647 3507; x_wconf 88' lang='lat' dir='ltr'><strong>bis</strong></span> <span class='ocrx_word' id='word_1_213' title='bbox 662 3466 697 3506; x_wconf 88' lang='lat' dir='ltr'><strong>ter</strong></span> <span class='ocrx_word' id='word_1_214' title='bbox 714 3461 778 3508; x_wconf 83' lang='lat' dir='ltr'><strong>ulna·</strong></span> <span class='ocrx_word' id='word_1_215' title='bbox 808 3467 831 3507; x_wconf 85' lang='lat' dir='ltr'><strong>et</strong></span> <span class='ocrx_word' id='word_1_216' title='bbox 842 3459 939 3522; x_wconf 82' lang='lat' dir='ltr'><strong>gladiolo</strong></span> <span class='ocrx_word' id='word_1_217' title='bbox 951 3461 1115 3523; x_wconf 84' lang='lat' dir='ltr'><strong>depugnabant.</strong></span> 
     </span>
     <span class='ocr_line' id='line_1_31' title="bbox 201 3523 1387 3590; baseline 0.003 -20"><span class='ocrx_word' id='word_1_218' title='bbox 201 3537 252 3570; x_wconf 91' lang='lat' dir='ltr'><strong>rum</strong></span> <span class='ocrx_word' id='word_1_219' title='bbox 263 3539 310 3569; x_wconf 89' lang='lat' dir='ltr'><strong>non</strong></span> <span class='ocrx_word' id='word_1_220' title='bbox 323 3523 358 3580; x_wconf 84' lang='lat' dir='ltr'><strong>sit,</strong></span> <span class='ocrx_word' id='word_1_221' title='bbox 370 3529 395 3573; x_wconf 89' lang='lat' dir='ltr'><strong>ut</strong></span> <span class='ocrx_word' id='word_1_222' title='bbox 411 3523 435 3569; x_wconf 90' lang='lat' dir='ltr'><strong>in</strong></span> <span class='ocrx_word' id='word_1_223' title='bbox 446 3523 533 3584; x_wconf 85' lang='lat' dir='ltr'><strong>Epodis</strong></span> <span class='ocrx_word' id='word_1_224' title='bbox 543 3525 607 3573; x_wconf 77' lang='lat' dir='ltr'><strong>dixit.</strong></span> <span class='ocrx_word' id='word_1_225' title='bbox 839 3528 872 3572; x_wconf 81' lang='lat'><strong>89</strong></span> <span class='ocrx_word' id='word_1_226' title='bbox 888 3527 975 3582; x_wconf 73' lang='lat' dir='ltr'><strong>Studia,</strong></span> <span class='ocrx_word' id='word_1_227' title='bbox 987 3526 1158 3573; x_wconf 79' lang='lat' dir='ltr'><strong>exercitationes</strong></span> <span class='ocrx_word' id='word_1_228' title='bbox 1173 3527 1282 3590; x_wconf 87' lang='lat' dir='ltr'><strong>corporis,</strong></span> <span class='ocrx_word' id='word_1_229' title='bbox 1299 3529 1337 3576; x_wconf 86' lang='lat' dir='ltr'><strong>rel</strong></span> <span class='ocrx_word' id='word_1_230' title='bbox 1354 3529 1387 3574; x_wconf 87' lang='lat' dir='ltr'><strong>in·</strong></span> 
     </span>
     <span class='ocr_line' id='line_1_32' title="bbox 232 3589 876 3652; baseline 0 -17"><span class='ocrx_word' id='word_1_231' title='bbox 232 3589 338 3642; x_wconf 63' lang='lat' dir='ltr'><strong>Sauum,</strong></span> <span class='ocrx_word' id='word_1_232' title='bbox 350 3589 431 3635; x_wconf 63' lang='lat' dir='ltr'><strong>mentri</strong></span> <span class='ocrx_word' id='word_1_233' title='bbox 441 3597 570 3649; x_wconf 65' lang='lat' dir='ltr'><strong>computem.</strong></span> <span class='ocrx_word' id='word_1_234' title='bbox 807 3589 876 3652; x_wconf 82' lang='lat' dir='ltr'><strong>genii.</strong></span> 
     </span>
     <span class='ocr_line' id='line_1_33' title="bbox 235 3651 1191 3716; baseline 0.004 -17"><span class='ocrx_word' id='word_1_235' title='bbox 235 3653 370 3713; x_wconf 79' lang='lat' dir='ltr'><strong>Cuioanque</strong></span> <span class='ocrx_word' id='word_1_236' title='bbox 377 3655 559 3711; x_wconf 53' lang='lat' dir='ltr'><strong>comedebam</strong></span> <span class='ocrx_word' id='word_1_237' title='bbox 572 3651 777 3716; x_wconf 72' lang='grc' dir='ltr'><strong>Πολλοῖςῦδαῖμι</strong></span> <span class='ocrx_word' id='word_1_238' title='bbox 845 3656 874 3701; x_wconf 83' lang='grc'><strong>41</strong></span> <span class='ocrx_word' id='word_1_239' title='bbox 897 3654 983 3710; x_wconf 79' lang='lat' dir='ltr'><strong>Gratia,</strong></span> <span class='ocrx_word' id='word_1_240' title='bbox 996 3655 1076 3702; x_wconf 77' lang='lat' dir='ltr'><strong>intima</strong></span> <span class='ocrx_word' id='word_1_241' title='bbox 1087 3655 1191 3704; x_wconf 65' lang='lat' dir='ltr'><strong>anicitia-</strong></span> 
     </span>
     <span class='ocr_line' id='line_1_34' title="bbox 201 3714 1095 3782; baseline 0.003 -18"><span class='ocrx_word' id='word_1_242' title='bbox 201 3716 225 3764; x_wconf 71' lang='grc' dir='ltr'><strong>οὔ</strong></span> <span class='ocrx_word' id='word_1_243' title='bbox 245 3717 309 3764; x_wconf 66' lang='grc' dir='ltr'><strong>κατὰ</strong></span> <span class='ocrx_word' id='word_1_244' title='bbox 326 3715 403 3764; x_wconf 70' lang='lat' dir='ltr'><strong>adram</strong></span> <span class='ocrx_word' id='word_1_245' title='bbox 428 3717 494 3782; x_wconf 63' lang='lat' dir='ltr'><strong>digus</strong></span> <span class='ocrx_word' id='word_1_246' title='bbox 513 3719 611 3780; x_wconf 67' lang='grc' dir='ltr'><strong>μιγάλα</strong></span> <span class='ocrx_word' id='word_1_247' title='bbox 634 3714 717 3766; x_wconf 72' lang='lat' dir='ltr'><strong>lilaea</strong></span> <span class='ocrx_word' id='word_1_248' title='bbox 742 3721 776 3767; x_wconf 71' lang='lat' dir='ltr'><strong>al-</strong></span> <span class='ocrx_word' id='word_1_249' title='bbox 840 3720 871 3766; x_wconf 74' lang='lat'><strong>42</strong></span> <span class='ocrx_word' id='word_1_250' title='bbox 889 3721 1003 3780; x_wconf 77' lang='lat' dir='ltr'><strong>Suspecta,</strong></span> <span class='ocrx_word' id='word_1_251' title='bbox 1014 3721 1095 3768; x_wconf 74' lang='lat' dir='ltr'><strong>odiosa.</strong></span> 
     </span>
     <span class='ocr_line' id='line_1_35' title="bbox 202 3779 1371 3849; baseline 0.009 -22"><span class='ocrx_word' id='word_1_252' title='bbox 202 3782 340 3843; x_wconf 65' lang='grc' dir='ltr'><strong>τνχήματα,</strong></span> <span class='ocrx_word' id='word_1_253' title='bbox 350 3779 408 3830; x_wconf 73' lang='grc' dir='ltr'><strong>ἀλλ’</strong></span> <span class='ocrx_word' id='word_1_254' title='bbox 415 3781 450 3829; x_wconf 75' lang='lat' dir='ltr'><strong>lm</strong></span> <span class='ocrx_word' id='word_1_255' title='bbox 459 3784 501 3836; x_wconf 71' lang='lat' dir='ltr'><strong>auls</strong></span> <span class='ocrx_word' id='word_1_256' title='bbox 510 3783 777 3849; x_wconf 62' lang='lat' dir='ltr'><strong>evppsgdsltddamlaer-</strong></span> <span class='ocrx_word' id='word_1_257' title='bbox 840 3786 922 3838; x_wconf 66' lang='lat' dir='ltr'><strong>Severo,</strong></span> <span class='ocrx_word' id='word_1_258' title='bbox 932 3785 1015 3846; x_wconf 69' lang='lat' dir='ltr'><strong>agresti</strong></span> <span class='ocrx_word' id='word_1_259' title='bbox 1024 3791 1047 3830; x_wconf 74' lang='grc' dir='ltr'><strong>θῑ</strong></span> <span class='ocrx_word' id='word_1_260' title='bbox 1054 3785 1145 3846; x_wconf 63' lang='grc' dir='ltr'><strong>Ρθθῖθΐῗ,</strong></span> <span class='ocrx_word' id='word_1_261' title='bbox 1154 3785 1212 3832; x_wconf 64' lang='lat' dir='ltr'><strong>tristi</strong></span> <span class='ocrx_word' id='word_1_262' title='bbox 1223 3793 1246 3834; x_wconf 69' lang='lat' dir='ltr'><strong>et</strong></span> <span class='ocrx_word' id='word_1_263' title='bbox 1256 3787 1371 3849; x_wconf 83' lang='lat' dir='ltr'><strong>imperito.</strong></span> 
     </span>
     <span class='ocr_line' id='line_1_36' title="bbox 200 3847 1388 3912; baseline 0.007 -19"><span class='ocrx_word' id='word_1_264' title='bbox 200 3847 341 3912; x_wconf 58' lang='lat' dir='ltr'><strong>patruelem·</strong></span> <span class='ocrx_word' id='word_1_265' title='bbox 375 3849 509 3895; x_wconf 81' lang='lat' dir='ltr'><strong>Aristoteles</strong></span> <span class='ocrx_word' id='word_1_266' title='bbox 519 3850 542 3896; x_wconf 90' lang='lat' dir='ltr'><strong>in</strong></span> <span class='ocrx_word' id='word_1_267' title='bbox 554 3849 689 3896; x_wconf 77' lang='lat' dir='ltr'><strong>Rhetoricis.</strong></span> <span class='ocrx_word' id='word_1_268' title='bbox 840 3848 956 3910; x_wconf 85' lang='lat' dir='ltr'><strong>Amphion</strong></span> <span class='ocrx_word' id='word_1_269' title='bbox 977 3849 1085 3896; x_wconf 83' lang='lat' dir='ltr'><strong>citharam</strong></span> <span class='ocrx_word' id='word_1_270' title='bbox 1104 3851 1206 3898; x_wconf 83' lang='lat' dir='ltr'><strong>omisisse</strong></span> <span class='ocrx_word' id='word_1_271' title='bbox 1221 3851 1303 3899; x_wconf 89' lang='lat' dir='ltr'><strong>dicitur</strong></span> <span class='ocrx_word' id='word_1_272' title='bbox 1320 3867 1388 3901; x_wconf 76' lang='lat' dir='ltr'><strong>cause</strong></span> 
     </span>
     <span class='ocr_line' id='line_1_37' title="bbox 231 3911 1041 3977; baseline 0.002 -19"><span class='ocrx_word' id='word_1_273' title='bbox 231 3915 263 3959; x_wconf 81' lang='lat'><strong>32</strong></span> <span class='ocrx_word' id='word_1_274' title='bbox 280 3911 511 3974; x_wconf 76' lang='lat' dir='ltr'><strong>Beatuseaimjom5</strong></span> <span class='ocrx_word' id='word_1_275' title='bbox 522 3914 590 3960; x_wconf 85' lang='lat' dir='ltr'><strong>verba</strong></span> <span class='ocrx_word' id='word_1_276' title='bbox 597 3921 651 3960; x_wconf 87' lang='lat' dir='ltr'><strong>sunt</strong></span> <span class='ocrx_word' id='word_1_277' title='bbox 659 3913 777 3977; x_wconf 79' lang='lat' dir='ltr'><strong>Eutrapeli</strong></span> <span class='ocrx_word' id='word_1_278' title='bbox 808 3913 925 3960; x_wconf 85' lang='lat' dir='ltr'><strong>discordiae</strong></span> <span class='ocrx_word' id='word_1_279' title='bbox 936 3915 1041 3962; x_wconf 78' lang='lat' dir='ltr'><strong>vitnndae.</strong></span> 
     </span>
     <span class='ocr_line' id='line_1_38' title="bbox 202 3977 1386 4046; baseline 0.006 -22"><span class='ocrx_word' id='word_1_280' title='bbox 202 3977 311 4024; x_wconf 84' lang='lat' dir='ltr'><strong>rationem</strong></span> <span class='ocrx_word' id='word_1_281' title='bbox 323 3978 363 4025; x_wconf 85' lang='lat' dir='ltr'><strong>sibi</strong></span> <span class='ocrx_word' id='word_1_282' title='bbox 375 3978 486 4024; x_wconf 86' lang='lat' dir='ltr'><strong>reddentis</strong></span> <span class='ocrx_word' id='word_1_283' title='bbox 497 3978 583 4024; x_wconf 89' lang='lat' dir='ltr'><strong>consilii</strong></span> <span class='ocrx_word' id='word_1_284' title='bbox 595 3979 637 4025; x_wconf 84' lang='lat' dir='ltr'><strong>sui.</strong></span> <span class='ocrx_word' id='word_1_285' title='bbox 841 3980 872 4025; x_wconf 87' lang='grc'><strong>46</strong></span> <span class='ocrx_word' id='word_1_286' title='bbox 884 3979 967 4025; x_wconf 76' lang='lat' dir='ltr'><strong>AEtolr&#39;s</strong></span> <span class='ocrx_word' id='word_1_287' title='bbox 972 3981 1047 4040; x_wconf 75' lang='lat' dir='ltr'><strong>plagis</strong></span> <span class='ocrx_word' id='word_1_288' title='bbox 1053 3999 1063 4034; x_wconf 62' lang='lat'><strong>,1</strong></span> <span class='ocrx_word' id='word_1_289' title='bbox 1075 3980 1107 4026; x_wconf 90' lang='lat' dir='ltr'><strong>uti</strong></span> <span class='ocrx_word' id='word_1_290' title='bbox 1115 3980 1171 4027; x_wconf 85' lang='lat' dir='ltr'><strong>alter</strong></span> <span class='ocrx_word' id='word_1_291' title='bbox 1180 3979 1301 4044; x_wconf 80' lang='lat' dir='ltr'><strong>Meleager</strong></span> <span class='ocrx_word' id='word_1_292' title='bbox 1308 3998 1386 4046; x_wconf 77' lang='lat' dir='ltr'><strong>aprum</strong></span> 
     </span>
     <span class='ocr_line' id='line_1_39' title="bbox 232 4044 942 4108; baseline 0.003 -20"><span class='ocrx_word' id='word_1_293' title='bbox 232 4045 264 4088; x_wconf 81' lang='lat'><strong>33</strong></span> <span class='ocrx_word' id='word_1_294' title='bbox 282 4044 349 4089; x_wconf 84' lang='lat' dir='ltr'><strong>Nova</strong></span> <span class='ocrx_word' id='word_1_295' title='bbox 376 4044 483 4100; x_wconf 56' lang='lat' dir='ltr'><strong>consiliu</strong></span> <span class='ocrx_word' id='word_1_296' title='bbox 499 4044 545 4108; x_wconf 56' lang='grc' dir='ltr'><strong>[τι</strong></span> <span class='ocrx_word' id='word_1_297' title='bbox 571 4044 685 4091; x_wconf 79' lang='lat' dir='ltr'><strong>delicatus.</strong></span> <span class='ocrx_word' id='word_1_298' title='bbox 722 4045 778 4092; x_wconf 88' lang='lat' dir='ltr'><strong>Non</strong></span> <span class='ocrx_word' id='word_1_299' title='bbox 804 4051 942 4090; x_wconf 58' lang='lat' dir='ltr'><strong>&lt;venaturus</strong></span> 
     </span>
     <span class='ocr_line' id='line_1_40' title="bbox 196 4107 1253 4162; baseline 0.002 -8"><span class='ocrx_word' id='word_1_300' title='bbox 196 4107 260 4160; x_wconf 73' lang='lat' dir='ltr'><strong>,enim</strong></span> <span class='ocrx_word' id='word_1_301' title='bbox 279 4107 342 4154; x_wconf 85' lang='lat' dir='ltr'><strong>vivet</strong></span> <span class='ocrx_word' id='word_1_302' title='bbox 363 4115 388 4154; x_wconf 90' lang='lat' dir='ltr'><strong>ut</strong></span> <span class='ocrx_word' id='word_1_303' title='bbox 404 4109 519 4162; x_wconf 78' lang='lat' dir='ltr'><strong>hactenus,</strong></span> <span class='ocrx_word' id='word_1_304' title='bbox 536 4108 576 4155; x_wconf 87' lang='lat' dir='ltr'><strong>sed</strong></span> <span class='ocrx_word' id='word_1_305' title='bbox 591 4115 709 4155; x_wconf 84' lang='lat' dir='ltr'><strong>convertet</strong></span> <span class='ocrx_word' id='word_1_306' title='bbox 724 4110 779 4156; x_wconf 85' lang='lat' dir='ltr'><strong>ritae</strong></span> <span class='ocrx_word' id='word_1_307' title='bbox 841 4109 973 4156; x_wconf 73' lang='lat' dir='ltr'><strong>Janwnta:</strong></span> <span class='ocrx_word' id='word_1_308' title='bbox 991 4109 1111 4162; x_wconf 84' lang='lat' dir='ltr'><strong>burdones,</strong></span> <span class='ocrx_word' id='word_1_309' title='bbox 1122 4109 1160 4155; x_wconf 85' lang='lat' dir='ltr'><strong>vel</strong></span> <span class='ocrx_word' id='word_1_310' title='bbox 1170 4109 1253 4156; x_wconf 76' lang='lat' dir='ltr'><strong>midos.</strong></span> 
     </span>
     <span class='ocr_line' id='line_1_41' title="bbox 201 4172 1170 4232; baseline 0.006 -16"><span class='ocrx_word' id='word_1_311' title='bbox 201 4172 347 4232; x_wconf 88' lang='lat' dir='ltr'><strong>propositum.</strong></span> <span class='ocrx_word' id='word_1_312' title='bbox 843 4174 875 4220; x_wconf 76' lang='lat' dir='ltr'><strong>tr</strong></span> <span class='ocrx_word' id='word_1_313' title='bbox 891 4174 1038 4228; x_wconf 71' lang='lat' dir='ltr'><strong>Inhumana,</strong></span> <span class='ocrx_word' id='word_1_314' title='bbox 1049 4173 1170 4222; x_wconf 77' lang='lat' dir='ltr'><strong>insociulis.</strong></span> 
     </span>
     <span class='ocr_line' id='line_1_42' title="bbox 233 4237 1364 4304; baseline 0.004 -24"><span class='ocrx_word' id='word_1_315' title='bbox 233 4237 264 4281; x_wconf 77' lang='lat' dir='ltr'><strong>st</strong></span> <span class='ocrx_word' id='word_1_316' title='bbox 283 4237 413 4283; x_wconf 82' lang='lat' dir='ltr'><strong>Honestum</strong></span> <span class='ocrx_word' id='word_1_317' title='bbox 426 4238 532 4300; x_wconf 75' lang='lat' dir='ltr'><strong>Officium</strong></span> <span class='ocrx_word' id='word_1_318' title='bbox 542 4238 596 4284; x_wconf 88' lang='lat' dir='ltr'><strong>dicit</strong></span> <span class='ocrx_word' id='word_1_319' title='bbox 606 4239 708 4301; x_wconf 87' lang='lat' dir='ltr'><strong>pauperis</strong></span> <span class='ocrx_word' id='word_1_320' title='bbox 719 4239 775 4287; x_wconf 86' lang='lat' dir='ltr'><strong>ami·</strong></span> <span class='ocrx_word' id='word_1_321' title='bbox 841 4240 871 4286; x_wconf 77' lang='lat' dir='ltr'><strong>ts</strong></span> <span class='ocrx_word' id='word_1_322' title='bbox 890 4239 1021 4291; x_wconf 65' lang='lat' dir='ltr'><strong>Formosa,</strong></span> <span class='ocrx_word' id='word_1_323' title='bbox 1033 4239 1127 4300; x_wconf 83' lang='lat' dir='ltr'><strong>opsonia</strong></span> <span class='ocrx_word' id='word_1_324' title='bbox 1137 4239 1200 4299; x_wconf 84' lang='lat' dir='ltr'><strong>quasi</strong></span> <span class='ocrx_word' id='word_1_325' title='bbox 1211 4240 1364 4304; x_wconf 64' lang='lat' dir='ltr'><strong>pulpamenta.</strong></span> 
     </span>
     <span class='ocr_line' id='line_1_43' title="bbox 202 4299 1195 4430; baseline 0.006 -86"><span class='ocrx_word' id='word_1_326' title='bbox 202 4299 222 4344; x_wconf 85' lang='lat' dir='ltr'><strong>ci</strong></span> <span class='ocrx_word' id='word_1_327' title='bbox 232 4299 331 4410; x_wconf 49' lang='lat' dir='ltr'><strong>gqoppqm</strong></span> <span class='ocrx_word' id='word_1_328' title='bbox 344 4303 467 4430; x_wconf 54' lang='lat' dir='ltr'><strong>spblqvpmre</strong></span> <span class='ocrx_word' id='word_1_329' title='bbox 699 4369 712 4414; x_wconf 68' lang='lat' dir='ltr'><em>b</em></span> <span class='ocrx_word' id='word_1_330' title='bbox 841 4304 873 4349; x_wconf 87' lang='grc'><strong>49</strong></span> <span class='ocrx_word' id='word_1_331' title='bbox 892 4303 968 4364; x_wconf 77' lang='lat' dir='ltr'><strong>Opus,¹</strong></span> <span class='ocrx_word' id='word_1_332' title='bbox 982 4303 1080 4352; x_wconf 70' lang='lat' dir='ltr'><strong>sardium</strong></span> <span class='ocrx_word' id='word_1_333' title='bbox 1091 4303 1195 4350; x_wconf 84' lang='lat' dir='ltr'><strong>venandi.</strong></span> 
     </span>
     <span class='ocr_line' id='line_1_44' title="bbox 303 4369 736 4427; baseline 0.014 -17"><span class='ocrx_word' id='word_1_334' title='bbox 303 4380 393 4420; x_wconf 55' lang='lat' dir='ltr'><strong>arcem</strong></span> <span class='ocrx_word' id='word_1_335' title='bbox 466 4383 494 4414; x_wconf 82' lang='lat' dir='ltr'><strong>us</strong></span> <span class='ocrx_word' id='word_1_336' title='bbox 505 4369 595 4427; x_wconf 54' lang='lat' dir='ltr'><strong>accinat</strong></span> <span class='ocrx_word' id='word_1_337' title='bbox 608 4375 630 4414; x_wconf 89' lang='lat' dir='ltr'><strong>et</strong></span> <span class='ocrx_word' id='word_1_338' title='bbox 641 4383 699 4427; x_wconf 78' lang='lat' dir='ltr'><strong>cuge</strong></span> <span class='ocrx_word' id='word_1_339' title='bbox 713 4371 736 4416; x_wconf 77' lang='lat' dir='ltr'><strong>is.</strong></span> 
     </span>
    </p>
   </div>
   <div class='ocr_carea' id='block_1_5' title="bbox 0 0 1483 5022">
    <p class='ocr_par' dir='ltr' id='par_1_5' title="bbox 0 0 1483 5022">
     <span class='ocr_line' id='line_1_45' title="bbox 0 0 1483 5022; baseline 0 0"><span class='ocrx_word' id='word_1_340' title='bbox 0 0 1483 5022; x_wconf 95' lang='lat' dir='ltr'><strong> </strong></span> 
     </span>
    </p>
   </div>
  </div>
 </body>
</html>
