2964 5022
34 503 36 570 l

34 649 36 732 l

427 321 792 403 assumamus,
813 323 839 387 1.
863 331 914 416 ee'.

130 511 166 566 10
258 501 385 564 Tartara
407 497 615 574 Panthoiden,
636 497 749 560 iterum
771 497 873 590 Orco!

209 611 403 685 Demissum3
423 609 564 695 quamvis
579 608 691 696 clypeo
703 606 844 691 Trojana
858 604 958 669 refixo

254 721 410 805 Tempora
423 731 563 796 testatus,
579 717 657 780 nihil
672 716 754 780 ultra

208 830 329 894 Nervos
345 840 437 914 atque
456 840 560 892 cutem
575 827 669 891 morti
683 837 879 890 concesserat
889 837 985 900 atrae3

252 939 360 1002 Judice
374 953 415 1016 te,
431 961 496 1002 non
511 936 656 1002 sordidus
671 948 780 1000 auctor

127 1057 163 1112 15
208 1049 338 1112 Naturae
352 1046 489 1133 verique.
535 1048 602 1111 San
617 1067 726 1110 omnes
741 1068 805 1110 una
818 1059 924 1112 manet
943 1069 1018 1124 nox,
1048 1113 1053 1121 ,

234 1153 236 1156 ’
254 1159 294 1222 Et
308 1158 458 1222 calcanda
473 1156 569 1220 semel
583 1155 632 1219 via
647 1154 709 1219 leti.

208 1269 296 1332 Dant
309 1266 388 1331 alios
404 1266 514 1348 Furiae2
525 1277 615 1332 torvo
630 1265 807 1350 spectacula
822 1265 938 1332 Marti:
999 1343 1006 1354 .

250 1376 356 1440 Exitio
371 1389 419 1440 est
433 1376 559 1440 avidum
574 1397 661 1438 mare
675 1376 789 1440 nautis.

207 1485 305 1549 Mista
319 1507 430 1550 senum
445 1509 482 1549 ac
491 1487 644 1571 juvenum
659 1486 830 1552 densentur
847 1486 973 1552 funera:
997 1489 1117 1553 nullum

127 1603 164 1660 20
253 1595 343 1659 Saeva
358 1608 453 1682 caput
467 1595 658 1681 Proserpina
672 1595 761 1682 fugit.

208 1704 266 1768 Me
277 1727 403 1791 quoque
418 1704 530 1769 devexi
545 1705 673 1790 rapidus
688 1727 792 1770 comes
808 1705 937 1771 Orionis

251 1813 386 1901 illyricis
407 1815 511 1879 Notus
529 1814 635 1879 obruit
648 1813 751 1879 undis.

204 1926 251 1989 At
263 1937 308 2002 tu,
323 1936 430 2003 nauta,
445 1948 534 2010 vagae
548 1947 588 1988 ne
603 1946 697 2010 parce
714 1923 869 2012 malignus
884 1948 989 1992 arenoe

249 2035 382 2100 Ossibus
397 2047 428 2100 et
441 2034 536 2119 capiti
546 2033 709 2098 inhumato

125 2154 162 2211 15
204 2144 398 2210 Particulam
412 2143 505 2207 dare:
529 2143 583 2222 sic,
605 2143 815 2230 quodcunque
833 2145 1010 2209 minabitur
1022 2145 1127 2212 Eurus

247 2255 414 2322 Fluctibus
431 2239 607 2339 Hesperiis,
626 2253 795 2318 Venusinae
818 2262 824 2274 ⁵
1009 2257 1025 2266 ”

204 2365 389 2430 Plectantur
403 2363 498 2441 silvae,
521 2375 552 2426 te
572 2362 707 2448 sospite3
733 2362 893 2452 multaque
914 2389 1042 2447 meroes,

252 2473 348 2540 Unde
362 2485 475 2558 potest,
491 2472 547 2537 tibi
562 2472 679 2536 defluat
692 2495 785 2560 aequo

206 2587 259 2652 Ab
279 2587 370 2661 Jove,
390 2582 603 2668 Neptunoque
618 2581 698 2646 sacri
714 2581 842 2647 custode
863 2583 1003 2652 Tarenti.

129 2705 165 2760 30
248 2693 392 2781 Negligis
406 2691 568 2756 immeritis
582 2690 758 2756 nocituram

100 2979 122 3022 ts
133 2977 205 3027 Judice
214 2993 258 3036 me,
271 2979 400 3042 conjectura
410 2980 530 3041 cujusdam
547 2995 584 3038 ap.
601 2982 702 3042 Carring.
750 2983 793 3028 Sed
809 2981 851 3027 vid.
865 2989 910 3027 not.
925 2981 1025 3029 Gesturi.
1075 2985 1104 3028 15
1115 2998 1175 3030 mors
1188 2985 1256 3032 MSS.

122 3045 198 3101 Berua.
210 3041 235 3108 [†
247 3052 269 3091 et
280 3047 315 3091 ed.
330 3045 394 3102 Lipt.
407 3041 486 3106 lisa]
499 3046 558 3104 qnod
568 3051 599 3090 est
612 3047 726 3105 gbssemu.
743 3044 768 3091 Z.
815 3048 843 3092 18
860 3045 948 3092 avidum
960 3048 1003 3092 Br.
1018 3043 1076 3094 Gon}
1086 3056 1107 3093 et
1114 3049 1197 3108 prima
1206 3050 1259 3096 edit.

122 3107 192 3156 nau
202 3113 253 3157 Sar.
264 3117 316 3156 tam
327 3109 404 3155 Beati.
415 3108 578 3156 Cun.etMSS.
589 3110 678 3156 Bersm.
688 3111 741 3157 duo.
766 3111 832 3170 uulgo
842 3109 919 3156 avidis.
949 3111 1165 3160 ludensanturedd.
1182 3114 1257 3160 Vertat.

126 3171 179 3219 aar.
238 3177 273 3221 29
290 3172 337 3221 Sub
347 3172 407 3221 Jove
421 3172 548 3234 eory'ectara
561 3174 641 3220 aaut.

126 3409 148 3451 to
166 3409 267 3464 Tartara,
275 3411 324 3472 jans
335 3423 376 3470 pro
388 3406 476 3468 Elysio.
684 3411 784 3457 aedera.
817 3409 971 3474 turgillus
992 3413 1015 3460 4.
1034 3415 1089 3460 698.
1131 3410 1258 3462 Credebant

122 3467 257 3533 Euphorbum
276 3473 374 3520 Panthoi
393 3473 463 3519 lilium
483 3487 507 3518 se
523 3470 652 3519 Homericis
683 3483 771 3521 veteres
782 3483 918 3537 aegrotantes
929 3477 985 3524 mori
996 3492 1042 3524 non
1053 3487 1120 3539 posse
1130 3478 1257 3540 priusquam
1316 3477 1317 3484 ’

102 3537 211 3596 tunponhus
225 3539 304 3592 fuisse,
322 3537 407 3584 dicebat
426 3535 575 3602 Pythagoras,
593 3539 652 3600 ejrrs·
685 3537 820 3601 Proserpina
831 3541 914 3586 cn'uem
925 3541 953 3588 de
963 3542 1047 3588 vertice
1058 3543 1171 3590 secuisset.

102 3601 174 3657 quesibi
183 3601 427 3663 vindicsintclypeum.
716 3606 746 3650 21
765 3605 856 3651 Notum
865 3613 897 3651 est
907 3614 958 3652 ortu
973 3613 995 3652 et
1010 3621 1090 3654 accam
1104 3607 1190 3655 Orionis
1200 3616 1257 3654 terra

125 3667 147 3710 11
163 3668 232 3732 Retro
244 3669 268 3714 h.
279 3683 300 3714 e.
311 3666 400 3714 revulso
412 3672 435 3712 et
445 3667 517 3712 ablato
526 3666 612 3728 clypeo.
680 3676 776 3728 pastam
794 3670 908 3716 conciari.
938 3671 1029 3726 Darat
1041 3670 1070 3718 sd
1086 3687 1190 3720 occasum
1207 3688 1258 3720 ver·

125 3729 149 3774 18
163 3731 244 3779 Nouos
255 3739 276 3778 et
287 3739 369 3784 mnan,
380 3731 403 3776 h.
414 3746 434 3776 e.
445 3745 532 3791 corpus.
683 3733 766 3794 gentis.

126 3793 149 3838 14
163 3793 231 3842 Etiam
250 3803 273 3843 te
288 3797 338 3858 ipso
353 3795 436 3859 judice.
468 3794 571 3841 Noverat
590 3795 651 3842 vide-
716 3800 748 3844 23
764 3795 882 3859 Malignus
893 3798 974 3846 dicitur
984 3801 1022 3861 qui
1032 3801 1069 3848 vel
1083 3815 1158 3863 operae
1167 3803 1204 3850 vel
1214 3803 1257 3848 im·

102 3852 140 3901 iet
148 3857 254 3921 Archytas
269 3858 293 3907 in
313 3861 429 3921 illa-‘parte
446 3857 518 3905 Italiae
527 3875 577 3906 esse
587 3875 652 3924 tnag-
683 3861 759 3922 pensae
769 3862 861 3908 nimium
872 3864 949 3924 parcit.
1068 3891 1072 3896 -
1101 3885 1103 3892 ·
1124 3888 1125 3892 ¹
1243 3875 1245 3884 ’

104 3932 140 3965 usn
149 3926 300 3972 auctoritatem
307 3924 445 3986 Pythagorae
457 3923 522 3970 etiam
533 3925 592 3986 apud
602 3923 652 3971 vul·
717 3927 817 3972 Arenarn
833 3927 949 3990 pulverem
966 3927 1025 3986 dicit,
1046 3930 1079 3976 uti
1091 3929 1201 3994 Virgilius
1211 3929 1257 3977 fre-

103 3996 140 4042 ti&
165 3989 266 4037 Sordidru
281 3995 369 4045 nudor,
389 3989 566 4036 chntemnendus
584 3990 653 4036 inter·
685 3999 779 4052 quenter
789 3991 812 4037 in
824 3991 952 4054 Georgicis.
1297 3989 1299 3994 ¹

103 4059 335 4114 uutpencmtator.
683 4070 687 4075 ·
717 4059 749 4102 27
766 4055 805 4103 Ex
826 4058 896 4104 veteri
917 4059 1020 4120 opinione
1040 4073 1119 4121 poenas
1137 4059 1258 4106 condonari

114 4114 151 4182 ¹li
160 4115 246 4166 Veteres
257 4119 334 4166 caedes
345 4124 411 4179 atque
420 4118 477 4166 bella
488 4117 591 4184 Bellonae
606 4117 653 4166 Fu·
685 4121 988 4182 nonpossainnlia'diverti
998 4137 1072 4185 posse.
1101 4129 1103 4137 '
1188 4141 1190 4148 ’
1245 4149 1250 4156 ·

107 4187 205 4242 mumque
213 4182 357 4246 inspirationi
368 4183 498 4230 tribuebant.
552 4185 553 4191 ’
680 4193 683 4198 “
717 4185 748 4232 28
767 4183 794 4231 In
812 4186 886 4234 animo
901 4187 977 4235 habuit
994 4201 1085 4234 aureum
1103 4186 1196 4234 Danaes
1214 4185 1257 4236 int·

129 4243 151 4287 18
165 4247 250 4296 Nautes
260 4253 398 4295 mercatores
409 4262 449 4308 per
464 4254 602 4294 contemtum
613 4263 652 4310 ap-
684 4249 753 4304 brem,
766 4257 877 4311 utputa
1123 4273 1127 4282 =
1208 4287 1210 4292 ,

109 4303 161 4360 pem
324 4333 327 4340 ·
355 4333 358 4339 Δ
593 4331 595 4337 ,
716 4317 749 4361 29
769 4315 1065 4362 Tarentnm'eratt‘ntutola
1074 4317 1186 4377 Neptuni.
1213 4315 1259 4364 Est

127 4370 152 4414 2⁰
159 4373 249 4426 Nullane
254 4383 330 4438 caput
328 4375 394 4442 fingit
402 4378 567 4436 Hominum.
585 4377 653 4424 Non-
685 4379 744 4426 enim
756 4377 827 4425 Taras
838 4378 940 4441 Neptuni
948 4379 1116 4430 filiusconditor
1126 4380 1225 4430 Tarenti.

109 4430 274 4502 ‘ludificatam
286 4441 423 4503 Proserpina
433 4441 653 4490 verttcecr‘inemaa
717 4447 749 4492 30
766 4441 1032 4507 Negligisleuepatus?
