2972 5020
435 324 808 406 SERMONUMLrn.
834 325 860 390 1.
883 333 914 390 6.
1202 333 1265 390 233

209 503 299 569 Nulla
312 502 433 569 etenim,
446 501 524 568 mihi
538 513 570 566 te
583 500 648 566 fors
662 499 796 566 obtulit:
820 498 959 585 optimus
973 495 1050 562 olim

132 625 173 682 55
210 614 367 702 Virgn'lius,
383 613 558 700 posthunc
573 613 699 692 Varius,
714 595 824 676 dixire
838 607 916 698 quid
930 630 1042 676 essem.

210 725 253 790 Ut
265 724 338 788 veni
352 745 485 801 coram;
505 723 667 812 singultim
680 744 782 808 pauca
795 720 930 799 locutus,

208 834 327 920 (Infans
341 856 480 922 namque
493 833 598 919 pudor
611 831 801 920 prohibebat
813 831 908 921 plura
920 828 1054 918 profari)

207 943 280 1008 Nou
294 967 356 1030 ego
370 966 422 1008 me
436 943 522 1009 claro
536 954 645 1008 natum
660 955 760 1029 patre,
775 963 842 1006 non
856 964 916 1030 ego
931 940 1051 1006 aucum

210 1053 266 1119 Me
283 1053 472 1119 Satureiano
487 1053 604 1120 vectari
617 1075 693 1120 rura
706 1051 839 1131 caballo,

131 1177 169 1232 60
211 1163 281 1242 Sed,
297 1163 385 1252 quod
399 1185 497 1243 eram,
511 1185 624 1229 narro:
647 1161 831 1248 respondes,
847 1173 883 1228 nt
896 1173 968 1229 tuus
983 1171 1032 1228 est
1044 1181 1125 1240 mos,

209 1275 333 1339 Pauca:
356 1273 436 1342 abeo
443 1297 453 1350 ;
477 1286 509 1338 et
521 1294 649 1338 revocas
664 1295 751 1340 nono
764 1257 838 1359 prist
851 1294 970 1350 mense,
980 1270 1138 1358 jubesque

206 1384 283 1450 Esse
298 1384 333 1448 in
347 1384 521 1474 amicorum
534 1406 678 1449 numero.
723 1382 886 1472 Magnum
895 1382 958 1447 boc
972 1405 1033 1470 ego
1047 1382 1142 1460 duco,

206 1479 305 1572 Qudd
317 1495 426 1581 placui
439 1494 507 1574 tibi,
523 1495 578 1582 qui
591 1494 678 1582 tmpi
691 1495 829 1560 secernis
842 1493 1023 1572 honestum,

206 1605 281 1669 Non
295 1616 387 1692 patre
400 1604 565 1691 praciam,
581 1605 638 1672 sed
650 1575 716 1670 viti
728 1616 760 1670 et
773 1615 901 1691 pectore
913 1625 1006 1691 puro.

36 1761 37 1764 =
132 1725 166 1782 65
206 1715 306 1802 Atqui
320 1716 348 1780 si
361 1715 443 1782 vitiis
457 1715 668 1782 mediocribus
682 1739 719 1782 ao
732 1738 804 1782 mea
817 1716 926 1802 paucis

108 1888 111 1894 .
203 1823 365 1892 Mendosa
378 1837 426 1909 est
439 1839 562 1906 natura,
577 1827 696 1915 alioqui
708 1838 811 1903 rects3
835 1825 935 1912 (velut
947 1825 975 1890 si

204 1936 344 2025 Egregio
359 1936 519 2028 inspersos
534 1919 706 2026 reprendas
721 1958 855 2023 corpore
868 1934 990 2016 naevos)

204 2048 238 2113 Si
251 2069 358 2132 neque
373 2047 547 2128 avaritiam,
562 2069 666 2135 neque
680 2046 800 2124 sordes,
815 2056 873 2118 aut
883 2044 967 2110 mala
980 2044 1089 2126 lustra,

206 2157 346 2244 Objiciet
359 2141 434 2223 vere
448 2157 614 2246 quisquam
627 2157 725 2234 mihi3
746 2178 847 2243 purus
862 2167 895 2224 et
907 2157 1016 2222 insons

132 2276 165 2336 70
203 2269 265 2354 (Ut
278 2291 331 2333 me
345 2267 535 2350 collaudem)
551 2269 578 2333 si
592 2279 625 2334 et
637 2267 709 2333 vivo
723 2289 815 2332 carus
829 2267 957 2332 amicis:

204 2380 311 2446 Causa
323 2378 384 2444 fuit
397 2390 487 2465 pater
501 2378 571 2444 his:
593 2378 649 2465 qui
662 2400 770 2444 macro
783 2399 906 2465 pauper
919 2377 1022 2466 agello

203 2489 316 2554 Noluit
328 2489 364 2553 in
379 2489 407 2556 F
407 2488 471 2555 lavl
484 2489 596 2556 ludum
609 2511 661 2555 me
674 2489 809 2569 mittere,
824 2488 933 2576 magni

206 2601 281 2678 Quo
296 2601 391 2687 pueri
404 2601 528 2688 magnis
542 2625 560 2665 e
574 2601 812 2668 centurionibus
826 2603 898 2682 orti,

202 2711 302 2775 Laevo
317 2712 463 2796 suspensi
476 2710 597 2776 loculos
611 2710 814 2799 tabidamque
827 2713 956 2792 lacerto,

133 2825 166 2887 75
204 2819 299 2886 Ibant
313 2822 437 2888 octonis
451 2822 622 2888 referentes
636 2821 741 2887 idibus
756 2845 840 2890 aera:

206 2934 268 2998 Sed
282 2955 422 3019 puerum
436 2945 484 3000 est
498 2957 592 2999 ausus
609 2935 748 2998 Romam
761 2945 899 3021 portare,
915 2936 1095 3006 docendum

201 3043 307 3123 Artes,
323 3067 402 3131 quas
417 3044 530 3110 doceat
542 3044 643 3131 quivis
659 3044 766 3132 Eques
780 3057 875 3132 atque
891 3047 1025 3114 Senator

103 3311 126 3356 n
137 3312 210 3362 tibine
219 3317 296 3365 Baul.
311 3332 340 3364 er
356 3319 427 3364 Sclol.
440 3318 511 3379 Umq.
523 3321 546 3365 et
560 3318 614 3366 Ms.
623 3325 737 3381 tanquam
744 3321 871 3368 maledics.
934 3324 966 3368 55
983 3321 1060 3370 Varus
1074 3322 1103 3371 G.
1113 3331 1134 3370 et
1145 3323 1180 3371 H.
1190 3331 1211 3372 et
1221 3325 1262 3373 alt

124 3377 289 3430 blccnombse
299 3395 368 3441 soepc.
431 3385 463 3429 68
480 3397 522 3430 nec
541 3383 600 3430 mels
617 3385 688 3445 Cruq.
702 3399 728 3430 ea
744 3384 813 3432 MSS.
830 3387 892 3433 Can.
917 3399 944 3434 ac
956 3387 1019 3448 mclg.
1033 3389 1058 3435 u.
1077 3388 1106 3437 G.
1138 3391 1261 3438 autetiam

126 3441 201 3492 Arcem.
280 3451 315 3494 ⁷0
334 3447 451 3496 sivisset
461 3462 526 3494 carus
542 3449 597 3496 Van.
610 3448 677 3496 caat.
688 3449 772 3496 Lumb.
782 3465 830 3498 non
840 3449 907 3498 mole.

125 3671 148 3717 5⁵
161 3673 300 3740 Dbereqaid
311 3693 396 3734 essem
418 3681 611 3730 commendavere.
713 3686 743 3730 tl
763 3685 863 3743 Pauper,
874 3684 933 3731 deest
940 3683 1051 3745 quamcu.

124 3737 148 3810 56Ι
161 3740 287 3801 &gallim
307 3759 366 3794 cum
385 3744 499 3792 immundo
520 3746 650 3808 trampus
713 3750 745 3794 72
762 3749 857 3796 liunus
877 3744 973 3810 quidam
991 3744 1046 3812 fait
1062 3747 1106 3796 tun
1126 3747 1262 3809 monoculus
1307 3750 1312 3762 '

103 3799 159 3848 ab
683 3813 819 3860 casura.
846 3812 1082 3875 Innpuusdoeebst

113 3867 150 3912 Ἰ57
163 3868 251 3933 Insomf
272 3874 378 3934 adsigna
428 3913 430 3918 .
713 3878 746 3924 74
762 3878 869 3938 dispens
882 3879 981 3932 boumn
1000 3878 1259 3938 ncpcruosloealoslo·

125 3930 149 3974 ⁵9
163 3933 363 4002 &amasenus
379 3946 434 3986 sacru
450 3938 477 3986 irs
491 3939 651 4002 Apulinserti·
681 3942 762 3988 bernes.
794 3942 899 3999 Lootcloa
921 3942 1031 3990 Tabulam
1048 3943 1174 3998 loculatum,
1193 3941 1261 3989 lineis

103 3989 382 4073 ltaepmammhdiam
398 4005 515 4064 genueras.
546 4005 571 4052 A
582 4007 650 4056 Sutu-
681 4006 809 4054 distinctam
819 4007 847 4054 sd
858 4023 925 4054 usum
935 4007 1087 4054 docendorum
1098 4007 1245 4054 calculorum.
1306 4011 1307 4014 ’

104 4063 284 4125 'mmmmm
299 4069 435 4116 Tarentum.
714 4073 745 4118 '75
774 4073 863 4120 Octoms
883 4073 1017 4138 effessum
1045 4072 1140 4120 Rectius
1153 4070 1259 4118 videntur

127 4124 152 4168 53
165 4126 286 4180 Hmctum
300 4140 325 4182 et
343 4135 422 4196 Taspa
437 4132 519 4182 stoicis
534 4141 598 4184 erant
608 4150 649 4198 pro
682 4135 720 4186 alii
735 4136 811 4184 locum
822 4137 949 4200 intelligere
965 4138 993 4185 de
1007 4137 1118 4184 exercitiis
1128 4150 1257 4197 puerorum,

105 4181 154 4231 Bl'w
162 4196 182 4234 el
191 4192 258 4268 Malt-
682 4201 720 4263 qui
731 4209 888 4264 computarent
897 4217 951 4257 ενα,
963 4203 986 4249 h.
996 4217 1016 4249 e.
1027 4216 1113 4256 usuras,
1120 4215 1171 4262 quae
1180 4199 1260 4248 Idibus

127 4251 151 4296 ⁶⁸
164 4253 260 4306 Arantia
269 4261 361 4324 respicit
374 4263 404 4310 ad
419 4263 491 4311 malas
505 4265 599 4312 habendi
613 4279 649 4312 ar-
682 4266 835 4328 exigereutur·
852 4267 942 4314 Octmsca
952 4273 1062 4313 vocantur
1071 4265 1132 4320 Idus,
1145 4264 1197 4327 quia
1206 4271 1259 4327 post

104 4313 135 4365 [ἦ
146 4320 214 4397 tuder⁸
225 4324 253 4370 ad
267 4326 358 4374 nimiam
378 4329 555 4390 parcimoniam
577 4331 650 4378 lustro
681 4330 796 4379 Nonasin
807 4331 903 4395 singulis
913 4331 1027 4379 mensibus
1037 4338 1091 4378 sunt
1101 4336 1162 4378 octo.

105 4387 228 4458 eumpropne
237 4388 282 4438 sint
295 4392 376 4441 lutosae
387 4391 484 4442 serarum
500 4395 574 4452 lama,
590 4394 650 4460 figu-
713 4399 746 4444 76
764 4397 808 4445 Est
829 4411 914 4455 aruum
933 4397 1010 4444 arum
1020 4403 1070 4444 out
1079 4410 1171 4457 mogrw,
1180 4397 1219 4443 sad
1234 4409 1259 4442 rc

105 4445 140 4488 ”ll
151 4458 233 4512 l⁰P¹¹¹tt
250 4461 273 4506 st
289 4457 391 4510 tabernas
402 4459 455 4508 dicit
465 4459 569 4511 vinadrs.
683 4461 755 4510 tenui.
