2964 5022
89 465 94 472 .
182 375 241 434 152
536 355 1028 446 Q.'HORAT11FLACCI·

306 541 539 629 Delectantque
553 542 659 620 deum,
676 543 727 608 cui
741 563 837 628 pecus
852 553 884 607 et
897 539 980 628 nigri

434 652 540 717 Colles
556 652 704 717 Aroediae
718 653 853 738 placent.

303 762 479 827 Adduxere
493 763 576 828 sitim
591 774 744 849 tempora,
760 763 892 850 Virgili:

306 872 370 937 Sed
383 894 527 958 pressum
545 873 674 938 Calibus
689 873 805 939 ducere
823 871 976 937 Liberum
997 898 999 902 ·

220 990 260 1047 15
306 982 340 1047 Si
353 984 460 1069 gestis,
471 986 625 1070 juvenum
639 983 793 1048 nobilium
807 983 914 1059 cliens,

431 1092 543 1158 Nerdo
557 1094 630 1157 vina
644 1093 815 1158 merebere.

302 1203 404 1268 Nardi
418 1226 533 1289 parvus
548 1226 634 1290 onyx
648 1203 751 1268 eliciet
764 1204 888 1282 cadum,

301 1313 369 1391 Qui
382 1336 467 1380 nunc
484 1314 631 1400 Sulpiciis
645 1314 778 1379 accubat
794 1313 926 1391 horreis,

302 1425 381 1510 Spes
396 1424 516 1489 donare
530 1447 627 1489 novas
642 1425 759 1512 largus,
775 1446 944 1511 amaraque

214 1543 258 1600 20
430 1536 589 1600 Curatum
604 1536 711 1601 eluere
724 1535 853 1612 efficsx3

300 1646 355 1711 Ad
369 1668 441 1733 quae
455 1647 482 1710 si
495 1668 648 1732 properes
662 1644 788 1734 gaudia,
804 1665 877 1708 eum
893 1655 947 1708 tua

230 1782 232 1788 ¹
300 1756 405 1821 Velox
419 1777 524 1820 merce
537 1755 627 1820 veni:
649 1775 715 1819 non
729 1776 790 1842 ego
804 1766 836 1819 te
849 1754 929 1820 meis

283 1867 478 1934 „Immunem
492 1863 628 1930 meditor
642 1863 786 1952 tinguere
799 1862 932 1949 poculis,

428 1973 528 2041 Plena
541 1974 628 2040 dives
643 1986 679 2039 ut
692 1974 725 2038 in
739 1974 845 2040 domo.

212 2093 253 2150 25
298 2085 420 2150 Verum
432 2108 518 2173 pone
531 2107 647 2164 moras,
662 2098 695 2151 et
709 2085 848 2150 studium
862 2081 959 2158 lucri;

297 2195 534 2283 Nigrorumque
548 2217 681 2273 memor,
696 2195 774 2260 dum
787 2194 870 2270 lieet,
886 2191 1017 2280 ignium,

300 2306 405 2371 Misce
419 2306 581 2372 stultitiam
597 2305 734 2371 consiliis
748 2304 896 2370 brevem:

425 2416 530 2483 Dulce
545 2429 593 2482 est
607 2417 751 2502 desipere
764 2415 798 2479 in
812 2416 892 2480 loeo.

249 2631 277 2675 11
291 2627 364 2692 nigrae
374 2629 451 2676 Bentl.
460 2644 487 2676 er
496 2644 544 2677 uuo
554 2631 603 2677 cod.
669 2633 699 2677 ls
710 2629 803 2678 occubat
813 2643 890 2676 omues
900 2631 999 2686 onerum,
1010 2630 1078 2694 etium
1093 2628 1122 2676 G.
1131 2637 1153 2676 et
1163 2627 1212 2677 coll.
1223 2631 1275 2676 Sos.

199 2813 230 2857 15
245 2811 344 2860 Juuerres
358 2813 440 2862 nobiles
450 2812 556 2861 Nerones
567 2814 629 2868 dixit,
641 2812 742 2877 Augusti
807 2816 839 2862 23
855 2814 973 2862 Immonis
984 2813 1065 2859 dicitur
1072 2813 1110 2874 qui
1119 2810 1246 2874 ἅσῦμβιλος
1257 2815 1286 2862 ed
1297 2831 1356 2863 con-

165 2874 288 2938 privignos,
307 2878 386 2938 quibus
404 2879 525 2926 admodum
541 2877 677 2926 familiariter
694 2886 743 2926 ute-
774 2879 860 2926 rivium
871 2880 941 2926 venit.

164 2941 230 2988 betur
238 2941 357 3004 Virgilius.
807 2946 839 2990 24
856 2946 930 2992 Plena
941 2944 1016 2998 disten
1040 2941 1151 3005 signifieat
1162 2958 1214 2989 eum
1225 2944 1290 3008 large
1300 2947 1358 2993 soli-

200 3009 230 3052 17
250 3007 330 3067 Θημ-
349 3009 471 3055 Metallum
488 3017 521 3056 est
537 3023 634 3069 gemmoe
652 3008 740 3056 simde:
774 3015 822 3054 tum
834 3009 908 3055 bibere
919 3009 977 3070 apud
987 3007 1089 3056 Juvenes
1100 3007 1214 3055 Nerones.

165 3071 193 3115 de
209 3071 250 3116 hoe
268 3073 299 3117 ad
317 3081 437 3132 unguenta
458 3075 550 3120 odorata
571 3089 641 3134 parua
651 3075 742 3138 flebunt
806 3077 838 3120 26
854 3075 925 3120 Dum
934 3075 984 3120 licet
994 3074 1069 3120 misce.

166 3149 227 3181 vasa.
806 3142 838 3185 27
854 3140 978 3186 Stultitiam
1000 3138 1057 3184 dixit
1074 3153 1126 3199 quae
1145 3138 1223 3185 sobriis
1242 3150 1266 3186 et
1279 3141 1355 3202 percis

199 3202 229 3245 18
246 3201 345 3261 Sulpicia
355 3203 442 3250 lumea.
457 3201 560 3250 Fuerunt
570 3206 692 3267 apothecae,
704 3204 742 3250 ubi
773 3202 871 3251 videtur.

166 3262 225 3317 vina,
237 3265 319 3321 oleum,
332 3273 354 3312 et
365 3267 408 3314 alie
418 3269 505 3316 venalia
517 3271 655 3332 prostabant.
808 3269 904 3316 Cornua
922 3269 974 3316 dicit
993 3275 1142 3314 mercatorum
1161 3268 1189 3315 de
1206 3270 1311 3332 augenda
1329 3287 1355 3319 re

200 3331 229 3375 19
246 3330 346 3390 Largus,
365 3332 424 3392 quod
442 3334 520 3380 vinum
541 3350 677 3397 generosum
699 3342 741 3389 est,
773 3332 876 3381 familiari
884 3334 973 3396 sagacia
981 3333 1061 3379 studia.

163 3392 256 3454 largiter
266 3395 375 3443 exhilarat
390 3397 497 3454 animum,
509 3405 532 3446 et
548 3414 610 3462 spem
621 3401 697 3447 laetem
708 3399 741 3447 ef·
805 3403 837 3448 28
854 3399 932 3446 Dulce
941 3406 989 3452 estu
1012 3397 1171 3444 Anacreontici
1182 3413 1261 3446 versus
1279 3399 1353 3448 Paro-

164 3456 215 3514 fert,
226 3455 530 3523 eximitqiiecumsemarss.
774 3463 868 3511 diaest:
889 3461 963 3519 Θίλυ,
977 3459 1044 3510 uiua
1054 3463 1154 3523 μανῆναι.
