2964 5022
441 359 710 428 CARMINUM
732 359 808 428 Lm.
831 359 892 430 1v.
917 370 966 430 12.

238 535 332 620 (Non
347 535 433 602 enim
447 536 580 624 posthac
593 535 656 602 elia
669 535 780 604 calebo

239 645 391 728 Femina)
412 646 558 712 condisce
573 646 696 727 modos,
711 646 848 714 amande

161 764 197 821 35
237 756 330 823 Voce
347 781 427 847 quos
441 757 572 823 reddas:
596 758 778 826 minuentur
794 769 873 824 atrae

417 868 567 935 Carmine
580 891 676 934 curae.

462 1063 494 1107 85
511 1061 642 1108 minuuntur
653 1060 706 1108 Me.
717 1073 754 1122 cp.
766 1059 843 1111 aeut
852 1068 874 1107 et
891 1059 950 1108 Con.

571 1739 699 1821 ODE
731 1740 834 1821 XII.

570 2027 619 2075 nn
637 2011 840 2076 vmcmnim.

546 2216 862 2279 nemmem.

38 2323 40 2400 Ι

237 2394 259 2460 J
260 2415 309 2459 sm
323 2393 406 2459 veris
419 2393 560 2475 comites,
576 2417 648 2482 quae
662 2417 750 2462 mare
765 2407 951 2482 temperant,

238 2504 411 2591 Impellunt
424 2505 538 2570 animes
552 2505 649 2590 lintea
664 2505 831 2571 Thraciae:

237 2615 309 2680 Jam
323 2637 384 2681 nec
396 2627 489 2702 prata
501 2616 617 2703 rigent,
631 2637 690 2680 nec
703 2615 791 2680 fluvii
804 2627 949 2701 strepunt

410 2725 558 2792 Hiberna
571 2726 644 2791 nive
658 2725 787 2814 turgidi.

176 2840 194 2896 5
225 2835 360 2901 ‘Nidum
373 2838 474 2924 ponit,
491 2837 565 2925 Ityn
578 2836 723 2904 flebiliter
737 2857 877 2924 gemens,

238 2945 355 3012 Infelix
369 2949 445 3028 avis,
461 2960 493 3013 et
509 2949 674 3035 Cecropiae
688 2948 803 3022 domus

234 3057 408 3122 AEternum
421 3058 641 3144 opprobrium,
656 3058 743 3146 quod
757 3059 839 3124 male
854 3058 1004 3124 barbares
1096 3066 1099 3074 ’

366 3167 493 3256 Regum
508 3182 556 3234 est
571 3168 636 3234 ulta
649 3169 804 3236 libidines.

233 3280 358 3346 Dicunt
372 3281 405 3344 in
420 3291 530 3345 tenero
543 3278 686 3368 gramine
701 3280 867 3368 pinguium

110 3445 113 3456 .
157 3398 194 3456 10
236 3391 394 3458 Custodes
409 3391 519 3483 ovium·
530 3389 670 3454 carmina
683 3390 800 3468 fistule,

122 3599 144 3642 1⁰
156 3597 228 3649 fistule
246 3601 383 3650 Delectante
402 3602 469 3650 deum
489 3603 518 3652 G.
533 3604 606 3651 Brod.
624 3604 673 3651 coll.
690 3605 742 3650 Sos.
759 3611 781 3650 et
798 3604 893 3650 Zanal.
905 3601 937 3650 G.
969 3602 1085 3650 Sioedidit
1098 3601 1218 3652 cem.
1250 3605 1295 3651 Sed

143 3668 369 3780 νιευῖξαυιίθῑιέιίοηεηι
378 3668 486 3729 plorem
496 3677 518 3716 et
528 3670 665 3730 optinorum
681 3669 790 3716 librom
801 3669 891 3716 bonam
934 3667 1003 3717 Nom
1013 3667 1044 3716 sic
1054 3675 1087 3716 est
1096 3683 1166 3730 supro
1177 3669 1231 3718 ΙΙΙ.
1239 3668 1263 3717 l.
1273 3671 1295 3718 i.

141 3912 167 3958 35
183 3913 312 3962 Reddimus
320 3913 380 3975 quod
391 3911 508 3962 memorie
518 3911 682 3960 mandavimus.
747 3911 807 3960 Sunt
818 3911 856 3973 qui
872 3909 982 3975 Prognen
994 3911 1071 3959 dicant
1081 3911 1104 3958 in
1115 3911 1233 3959 lusciniam
1244 3925 1295 3958 mu-

713 3984 791 4033 tatam,
812 3976 961 4025 Philomelam
979 3977 1003 4024 in
1025 3977 1175 4024 hirundinem.
1207 3975 1294 4024 Ambos

315 4041 389 4090 ODE
406 4041 468 4090 XII.
714 4057 803 4090 sorores
814 4043 882 4090 eaedis
893 4051 997 4090 auctores
1007 4041 1062 4090 lacit
1072 4041 1168 4089 Ovidius
1179 4041 1240 4088 Met.
1251 4046 1275 4104 fi.

140 4108 149 4151 l
168 4108 308 4168 Tempmnt
314 4130 324 4164 ,·
341 4108 365 4154 h.
373 4123 393 4155 e.
409 4108 492 4154 nimios
505 4108 554 4171 ejus
570 4113 646 4154 motus
656 4106 680 4153 in
746 4111 762 4155 6
780 4109 892 4169 Cecropiae
902 4110 1000 4156 mus:
1022 4108 1137 4160 Quoniam
1148 4106 1296 4156 Athenienses

115 4170 201 4219 ordinem
213 4180 309 4236 cogunt.
704 4173 818 4237 suerunt.
866 4171 969 4220 Pandion
989 4173 1049 4220 enim
1071 4187 1118 4218 non
1141 4179 1188 4219 eret
1210 4188 1295 4236 genere

137 4238 260 4285 lAnimoe
272 4238 391 4292 Thmoo,-
408 4237 505 4285 Decinw
513 4237 682 4286 cammar-
715 4235 860 4300 Cecropides.

112 4299 200 4349 timot
215 4303 404 4363 memoriosum.
426 4304 467 4364 qui
483 4311 593 4351 meorum
615 4301 682 4349 Onti-
746 4306 762 4349 '1
779 4303 844 4349 Male
854 4319 895 4365 pro
905 4303 980 4364 inpie,
991 4303 1028 4349 vei
1038 4300 1131 4349 sceleste.

112 4364 156 4423 llic,
168 4383 212 4428 per
233 4370 280 4416 dies
301 4368 396 4428 m'gnm
416 4382 462 4416 esse
484 4369 560 4424 solent,
582 4375 635 4415 tom
659 4376 681 4414 et
745 4371 760 4416 8
779 4370 871 4429 Regum
889 4368 964 4431 posuit
979 4367 1003 4414 in
1018 4366 1109 4424 Piurcli,
1129 4381 1181 4416 cum
1201 4370 1229 4416 de
1248 4384 1294 4417 nno

111 4429 194 4481 bosco
209 4434 311 4482 advent.
342 4431 680 4496 Ammrirtraciasappella-
713 4431 787 4481 Tereo
799 4441 911 4496 ageretur.

112 4494 140 4552 vit,
150 4513 177 4548 cx
189 4497 290 4548 Homeri
301 4498 428 4546 imitatione
440 4495 468 4546 11.
479 4497 538 4546 125.
744 4501 760 4546 9
777 4499 809 4546 In
817 4506 899 4556 tenero,
907 4513 982 4560 nuper
989 4507 1050 4547 noto.
