2964 5022
515 303 557 379 Q.
582 300 787 368 HORATll
812 301 985 370 macer

633 827 760 910 ODE
792 825 867 907 IV.

517 1129 568 1176 AD
584 1127 779 1176 XANTHIAM
796 1124 981 1176 PHOCEUM.

603 1373 708 1422 Metram
718 1379 745 1420 ut
755 1373 781 1418 in
792 1371 900 1418 secunda.

288 1649 341 1712 Ne
356 1648 396 1712 sit
410 1647 532 1713 ancillae
547 1649 604 1712 tibi
619 1671 708 1713 amor
723 1645 849 1733 pudori,

288 1758 431 1823 Xanthia
447 1758 594 1834 Phoceu3
617 1759 705 1844 prius
720 1757 907 1822 insolentem

292 1871 390 1934 Serva
406 1869 526 1934 Briseis
541 1870 633 1933 niveo
648 1868 756 1933 colore

468 1981 574 2048 Movit
590 1979 767 2045 Achillem:

204 2102 222 2158 5
289 2093 395 2159 Movit
411 2094 541 2180 Ajacem
558 2091 732 2157 Telamone
747 2101 857 2155 natum

290 2203 407 2268 Forma
421 2205 554 2290 captivae
569 2204 735 2270 dominum
749 2203 950 2268 Tecmessae:

289 2313 379 2380 Arsit
393 2315 523 2380 Atrides
538 2315 644 2380 medio
657 2315 691 2378 in
702 2313 865 2400 triumpho

467 2425 600 2514 Virgine
614 2437 714 2512 rapta,
926 2409 936 2426 s

289 2538 440 2603 Barbarae
454 2549 622 2624 postquam
636 2535 778 2601 cecidere
792 2547 907 2600 turmae

204 2658 245 2714 10
289 2649 445 2714 Thessalo
459 2651 588 2727 victore,
604 2660 636 2713 et
650 2647 794 2712 ademtus
812 2645 939 2711 Hector

291 2759 440 2825 Tradidit
453 2759 542 2824 fessis
557 2759 676 2823 leviora
690 2757 758 2823 tolli

462 2869 619 2957 Pergama
635 2867 751 2933 Graiis.

291 2981 422 3046 Nescias
437 3003 478 3044 an
493 2993 525 3045 te
538 3001 691 3066 generum
706 2980 790 3044 beati

293 3090 447 3177 Phyllidis
461 3090 551 3156 flavae
565 3089 717 3155 decorent
730 3104 894 3177 parentes:

209 3211 247 3268 15
293 3203 430 3290 Regium
443 3212 528 3266 certe
541 3221 642 3288 genus
657 3212 689 3264 et
701 3213 831 3286 penates

464 3310 584 3377 Moeret
599 3311 732 3399 iniquos.

292 3423 406 3503 Crede,
423 3445 488 3488 non
502 3422 589 3488 illam
604 3422 661 3488 tibi
675 3421 716 3486 de
730 3419 861 3486 scelesta

427 3663 443 3706 8
454 3665 519 3721 cepta
528 3659 578 3707 coll.
585 3659 636 3706 Sar.
723 3661 753 3704 15
764 3673 837 3722 genus
848 3665 880 3715 ut,
893 3665 916 3706 et
926 3659 984 3722 conj.
996 3663 1102 3722 ungere.

383 3861 457 3910 ODE
475 3861 521 3909 lv.
805 3869 821 3911 8
843 3864 933 3923 ngine
943 3871 1015 3923 repra,
1028 3865 1077 3912 lue.
1089 3861 1224 3912 carandra

193 3931 209 3974 2
225 3927 369 3983 rnatum
380 3936 532 3988 anagnostae
559 3929 627 3976 Nihil
638 3944 687 3975 non
702 3945 741 3974 ar·
808 3933 837 3975 10
858 3930 961 3976 Thessalo
971 3930 1052 3975 victore
1062 3928 1160 3976 Achille.

160 4001 223 4053 rogat
234 3993 312 4040 amun.
323 3990 363 4038 De
374 3991 433 4040 Arte
442 3992 508 4041 Poet.
517 3993 546 4040 de
554 3995 632 4040 eodem
644 3993 742 4040 Achille.
806 3994 919 4041 Ademtus
930 4010 970 4056 per
981 3993 1170 4056 Euphemismum
1182 4008 1224 4055 pro
1235 3992 1332 4040 occisus.

161 4059 238 4113 Prius,
251 4058 311 4112 olim.
322 4063 376 4104 ante
386 4063 417 4104 te.
806 4062 832 4106 11
852 4057 1005 4107 Notissimum
1021 4066 1056 4106 est
1067 4059 1135 4106 Levis
1149 4057 1278 4119 frequenter
1289 4074 1358 4106 usur-

192 4126 208 4169 5
229 4124 351 4170 Telumone
360 4130 453 4180 nutum,
464 4122 564 4184 adeoque
580 4124 650 4170 altero
667 4123 740 4186 AJace
770 4125 819 4185 pari
837 4140 878 4186 pro
884 4125 973 4188 sarilo.
1005 4123 1039 4172 Et
1060 4124 1171 4186 expressit
1187 4123 1351 4171 Homericum:

161 4187 300 4235 nobiliorem.
333 4187 394 4235 hicn
404 4183 459 4236 Jooe
469 4189 548 4235 territa
559 4188 628 4251 Ajar.
645 4186 713 4236 Ovid.
771 4187 872 4254 ‘rutena
893 4188 946 4266 ⁷⁵2„
960 4190 1052 4251 μῖλλον
1082 4190 1207 4251 ’Δχαωῖειν
1233 4185 1259 4241 >A
1284 4186 1355 4236 indu

192 4256 209 4300 6
225 4251 348 4299 Tecmessa
375 4251 520 4300 Teuthrantis
549 4253 644 4316 Phrygii
672 4254 742 4301 Prin·
774 4253 847 4301 Krlrw
863 4257 983 4307 matteum
999 4253 1112 4320 tunginus.

161 4317 216 4430 {ipis
234 4317 286 4372 filia,
304 4332 334 4364 ex
353 4333 397 4380 qua
414 4315 474 4381 Ajax
490 4320 588 4382 suscepit
606 4319 739 4381 Eurysacen
808 4322 837 4366 12
855 4321 977 4380 Pergam.
1001 4320 1053 4367 Arx
1064 4326 1112 4368 erat
1123 4317 1229 4382 Trojaua,
1243 4317 1354 4368 Palladis-

177 4384 240 4431 lium.
772 4401 815 4447 quc
827 4385 943 4448 templum.

193 4452 209 4495 7
226 4448 295 4501 Arsit,
313 4449 454 4509 temulenter
470 4451 560 4497 arnavit.
806 4451 836 4497 13
852 4452 926 4506 Beati,
943 4451 1030 4500 nobiles.
1047 4451 1094 4510 An,
1107 4451 1130 4498 h.
1141 4465 1162 4499 e.
1172 4465 1256 4500 aunon.
