2964 5022
340 561 386 651 Q
435 555 727 640 HORATH
771 559 1016 645 FLACCI

459 779 897 888 SERMONUM

509 983 642 1044 umus
662 985 834 1047 surmus

325 1158 378 1207 Hoc
390 1158 481 1223 signum
498 1161 515 1223 1
532 1159 702 1224 preposuimue,
714 1160 802 1224 quoties
811 1175 908 1225 persona
919 1165 1024 1210 mutetur.

495 1517 775 1603 SATIRA
820 1520 851 1601 L

576 1739 615 1789 IN
632 1739 777 1792 AVAROS.

114 1881 189 1930 Deridet
197 1883 249 1931 sulse
262 1883 352 1932 stultam
364 1899 391 1932 ae
401 1897 529 1946 perversam
540 1882 649 1931 rationem
661 1898 787 1940 avarorum,
805 1882 844 1945 qui
854 1897 988 1946 quamquam
1003 1885 1031 1934 de
1047 1900 1088 1934 sus
1098 1891 1159 1934 sorte
1169 1897 1267 1948 conque·

136 1958 207 2004 mutus,
223 1949 299 1996 nolunt
314 1958 396 2004 tamen,
413 1949 433 1995 si
448 1947 509 2009 optio
523 1947 594 2003 detur,
611 1963 674 1995 suam
690 1963 741 1996 curn
758 1949 830 1996 aliena
845 1958 985 2011 permutare:
1006 1951 1045 1998 sed
1060 1952 1129 2006 siunt,
1146 1966 1171 1998 se
1181 1951 1268 1998 labores

136 2011 216 2074 perterre
225 2021 246 2060 et
256 2029 309 2076 opes
320 2015 434 2075 colligere,
446 2019 472 2060 ut
482 2013 577 2060 habeant
587 2013 647 2060 unde
657 2013 681 2060 iu
692 2020 808 2062 senectute
817 2013 903 2062 vivant.
935 2015 969 2061 At
985 2031 1098 2078 uunquam
1114 2015 1167 2063 satis
1178 2016 1266 2070 habent,

135 2079 235 2124 corrodunt
245 2085 335 2133 temere,
347 2093 389 2125 nec
401 2084 495 2124 utuntur
506 2077 611 2138 quaesitis,
624 2092 666 2125 nec
676 2078 783 2125 heredum
795 2093 894 2126 amorem
906 2087 1026 2138 merentur,
1043 2087 1111 2144 etque
1129 2095 1220 2128 omnem
1230 2080 1266 2126 vi·

135 2151 170 2188 tuo
179 2144 263 2191 trshuut
273 2143 385 2199 miseram,
398 2156 494 2204 suntque
504 2142 527 2188 in
539 2141 643 2190 maximis
653 2142 731 2206 opibus
742 2143 883 2204 pauperrimi.

82 2278 164 2341 rasa.
213 2245 285 2350 Qui
298 2271 346 2351 fit,
364 2271 537 2352 Maecenas,
554 2286 589 2339 ut
603 2294 707 2352 nemo,
724 2296 819 2361 quam
834 2272 893 2338 sibi
908 2285 1024 2336 sortem

213 2384 275 2447 Seu
292 2382 388 2447 Ratio
402 2382 534 2462 dederit,
551 2406 607 2449 seu
623 2383 703 2448 Fors
717 2383 877 2469 objecerit,
894 2369 948 2445 illl

213 2493 388 2558 Contentus
404 2487 510 2558 vivat?
530 2491 638 2557 laudet
652 2493 775 2557 diversa
789 2489 979 2579 sequentes?

186 2583 267 2668 “0!
292 2603 442 2667 fortunati
459 2573 668 2680 mercatores?
676 2603 781 2691 gravis
795 2602 887 2666 annis

157 2722 172 2779 5
213 2713 308 2778 Miles
322 2713 376 2791 ait,
393 2711 492 2776 multo
501 2714 570 2798 jam
584 2711 700 2775 fractus
715 2711 857 2775 membra
870 2709 989 2776 labore.

215 2823 332 2888 Contra
347 2834 513 2900 mercator,
529 2819 634 2885 navim
644 2819 837 2906 jactantibus
852 2821 976 2899 austris,

182 2905 330 3000 “Militia
343 2947 390 2998 est
403 2934 525 3018 potior:
549 2931 625 3018 quid
641 2930 751 2996 enim?
772 2931 988 2997 concurritur:
1011 2929 1100 2995 horre

189 3015 393 3122 αΜοιῐιεηῖο,
410 3043 472 3108 cita
486 3062 571 3106 mors
585 3041 680 3117 venit,
696 3051 751 3104 aut
764 3040 895 3105 victoria
907 3041 989 3106 loeta.
997 3015 1023 3054 ’⁹

213 3151 394 3240 Agricolam
407 3151 515 3216 laudat
523 3150 605 3236 juris
619 3150 788 3237 legumque
802 3149 934 3234 peritus,

142 3273 176 3328 10
216 3245 281 3327 Sub
294 3263 370 3349 galli
383 3274 511 3327 cantum
526 3259 687 3325 consultor
701 3259 755 3324 ubi
769 3260 850 3326 ostia
863 3261 978 3347 pulsat.

212 3373 267 3437 Ille
281 3372 362 3437 datis
376 3371 508 3436 vadibus
523 3372 577 3458 qui
592 3393 665 3436 rure
680 3382 838 3435 extractus
853 3371 887 3434 in
903 3370 1014 3436 urbem
1029 3381 1087 3450 est,

214 3482 302 3549 Solos
316 3481 575 3558 felicesviventes
587 3480 704 3545 elamat
718 3480 750 3544 in
764 3479 853 3548 urbe.

112 3653 122 3697 t
136 3647 240 3697 leonum
252 3646 281 3697 G.
292 3644 347 3694 Ata.
357 3643 430 3704 Steplr.
441 3649 483 3689 eta.
493 3641 570 3690 Bentl.
582 3645 644 3692 Gon.
706 3646 723 3689 Β
739 3649 777 3690 aut
793 3642 837 3690 sits
850 3642 915 3690 θίαν.
924 3641 1008 3689 Lama.
1022 3641 1102 3693 Bentl.
1111 3641 1149 3690 sed
1158 3641 1184 3690 ia
1195 3640 1264 3691 MSS.

338 3709 429 3758 Boram.
438 3708 498 3754 abest
508 3717 555 3755 sut.
631 3710 661 3755 10
677 3713 745 3760 cantu
756 3708 862 3756 militar.
876 3707 905 3756 G.
914 3707 1010 3768 sempr.

721 3851 737 3894 5
753 3848 854 3896 Fructus
858 3868 868 3904 ,·
880 3847 903 3894 h.
913 3861 934 3894 e.
944 3843 1059 3910 fsn'patns,
1070 3845 1155 3894 inutilis
1165 3851 1188 3893 et
1198 3845 1264 3910 plane

298 3932 301 3939 ·
316 3914 387 3963 sAT.
403 3910 425 3962 I.
688 3911 770 3960 vietus.

721 3973 911 4030 Muellerum!
943 3973 1098 4028 Quantum?

139 4046 284 4103 llrtllets'os
305 4045 396 4106 Siguese
409 4042 469 4098 mett,
482 4041 550 4090 Raso
567 4040 657 4098 deden't,
724 4043 755 4087 lo
772 4040 892 4090 emmens
909 4047 941 4087 est
958 4041 999 4102 qui
1013 4041 1081 4096 docel,
1098 4038 1210 4087 consultor
1222 4039 1264 4099 qut'

117 4115 160 4162 Fors
192 4113 197 4124 '
239 4113 258 4159 '.
687 4105 759 4152 desem

140 4115 408 4234 Sfflh.e.studla.
721 4171 749 4216 ll
773 4165 1262 4234 Vadasuntrerumprlvstammeicirilium

141 4246 232 4306 Quoue
237 4264 246 4298 ,-
264 4238 392 4290 nasum
403 4236 451 4285 sive
461 4241 628 4299 prosequentes.
688 4248 816 4298 sponsores.
1203 4234 1207 4241 '

140 4309 241 4362 loeson,-
255 4307 279 4356 h.
290 4320 312 4355 e.
330 4300 434 4360 onustus
450 4307 474 4351 et
491 4315 532 4366 per
549 4301 594 4350 hoe
611 4307 656 4350 tar·
723 4299 752 4346 12
771 4299 875 4352 Οἱαπιαις
899 4297 990 4344 Raetici
1007 4309 1094 4352 moreris
1112 4296 1219 4356 eqsrims’t,
1241 4302 1263 4342 et

119 4373 245 4440 nisque
332 4391 336 4395 ·
556 4437 558 4444 ‚
688 4362 1143 4488 WWWQOQ„
