2954 5022
400 303 745 390 urrsromnura
768 304 843 368 aa.
867 283 945 368 12⁵.

223 473 319 538 Grata
333 476 540 560 superveniet,
556 497 627 562 quae
641 498 706 540 non
721 473 907 560 sperabitur,
923 472 1010 538 hora.

156 592 188 647 15
226 583 279 647 Me
292 585 442 672 pinguem
456 600 488 650 et
498 585 632 650 nitidum
647 568 727 648 beni
742 569 850 648 curati
864 594 935 648 cute
949 583 1040 660 vises,

228 678 305 756 Crim
318 694 422 760 ridere
437 695 533 774 voles,
549 693 681 778 Epicuri
695 691 735 756 de
750 714 846 778 grege
860 713 1002 778 porcum.

596 889 761 898 ...Ἦ

466 1047 802 1129 EPISTOLA
842 1048 894 1127 V.

534 1234 584 1281 AD
601 1234 832 1289 TORQUATUM.

106 1370 216 1416 Hunilam
229 1373 367 1434 Torquatum
378 1375 458 1422 invitat
468 1377 499 1420 ad
509 1390 604 1422 canam.
618 1375 647 1422 B.
668 1375 777 1422 Morosus
788 1391 879 1438 prorsus
891 1376 920 1423 sit
930 1389 1022 1424 neeesse
1033 1380 1074 1428 est,
1083 1373 1118 1420 eui
1130 1373 1173 1420 boc
1182 1373 1273 1420 Horatii

136 1436 253 1482 condilum
269 1452 313 1484 nou
329 1439 422 1500 placeat.
457 1439 543 1486 Vinum
561 1441 620 1486 enim
633 1441 692 1486 haud
708 1441 905 1495 contemnendum,
923 1441 989 1502 idque
1000 1455 1046 1485 nou
1058 1454 1124 1500 parce
1136 1439 1268 1498 apponitur:

136 1507 172 1544 est
185 1515 233 1560 pura
247 1511 268 1547 et
283 1503 368 1550 munda
385 1504 491 1565 supellex,
508 1515 597 1566 tempus
612 1511 770 1566 opportunum,
788 1520 903 1552 semones
919 1504 992 1560 faceri,
1010 1503 1109 1550 delectus
1126 1503 1271 1550 convivarum

134 1561 222 1610 fidorum
232 1575 254 1612 et
262 1567 317 1613 bene
329 1569 519 1616 convenientium.

228 1704 261 1767 Si
276 1715 365 1788 potes
381 1704 546 1769 Archiacis
560 1706 691 1769 conviva
706 1707 888 1771 recumbere
902 1705 1000 1784 lectis,

223 1813 287 1876 Nec
303 1799 427 1877 modici
440 1835 565 1878 coeuare
580 1815 670 1879 times
684 1815 754 1880 olus
769 1839 862 1882 omne
877 1801 1008 1902 patelli;

225 1924 378 2007 Supremo
392 1936 422 1987 te
437 1924 502 1988 sole
517 1923 613 2002 domi,
631 1925 804 2012 Torquate,
820 1926 963 1992 manebo.

225 2033 306 2097 Vina
319 2034 419 2110 bibes,
435 2017 548 2098 iterrim
564 2034 674 2098 Tauro
689 2035 802 2100 diffusa
816 2036 970 2121 palustres

163 2151 181 2206 5
221 2143 306 2208 Inter
322 2143 503 2207 Minturnas
521 2144 807 2230 Sinuessanumque
825 2146 997 2209 Petrinum.

225 2254 279 2318 Sin
294 2253 405 2317 melius
420 2253 496 2339 quid
511 2252 618 2332 habes,
636 2276 768 2332 arcesse,
784 2253 834 2318 vel
847 2254 1014 2338 imperium
1027 2254 1085 2319 fer.

220 2362 412 2427 Jamdudum
427 2361 683 2447 splendetufocua
700 2375 732 2428 et
745 2363 802 2426 tibi
817 2363 935 2427 munda
949 2365 1100 2450 supellex.

222 2471 317 2538 Mitte
330 2473 415 2536 leves
430 2495 511 2558 spes,
527 2484 559 2536 et
573 2473 744 2536 certamina
758 2473 948 2551 divitiarum,

222 2581 264 2646 Et
279 2581 406 2646 Moschi
422 2605 568 2646 causam:
592 2605 660 2646 cras
675 2595 750 2646 nato
767 2583 893 2647 Caesare
907 2582 1004 2648 festus

146 2701 182 2754 10
220 2692 289 2764 ¹Dat
303 2693 425 2756 veniam
441 2715 648 2780 somnumque
663 2691 747 2768 dies;
771 2672 898 2777 impuni
913 2693 1019 2758 licebit

221 2802 377 2866 AEstivam
393 2825 537 2867 sermone
552 2804 690 2889 benigno
705 2803 833 2867 tendere
848 2814 983 2867 noctem.

106 2939 115 2981 l
131 2936 240 2985 Archaicis
258 2942 286 2986 Ζ.
318 2941 515 2989 Med.1477.etc.
547 2943 591 2988 Sed
606 2941 723 2987 Archiacis
742 2940 771 2988 G.
786 2943 809 2988 S.
826 2942 938 3002 Porplryr.
960 2941 1060 2990 Fabricii
1071 2943 1149 3003 etipse
1159 2944 1231 2991 Fahr.
1242 2945 1275 2992 12.

354 3006 428 3064 Steplr.
437 3013 479 3052 etc.
545 3009 571 3052 ll
591 3006 711 3052 extendere
725 3021 764 3065 pr.
785 3006 846 3051 editt.
868 3005 959 3052 tendere
981 3006 1009 3053 G.

132 3118 159 3162 lt
176 3118 295 3180 Gratapro
310 3125 375 3180 grate
386 3128 482 3182 accepta.
729 3121 744 3166 6
761 3119 869 3174 Arcesse;
897 3119 982 3173 vinum,
1012 3120 1071 3181 quod
1092 3121 1166 3176 habes,
1193 3123 1274 3169 melius

131 3183 157 3226 15
174 3184 286 3242 Pinguem
300 3191 322 3229 et
336 3185 441 3238 nicilum,
458 3187 479 3231 h.
490 3200 512 3230 e.
528 3184 664 3246 gaudentem
696 3199 754 3239 meo,
771 3184 786 3230 i.
797 3185 880 3246 ejube
891 3190 965 3230 tecum
977 3184 1049 3230 afferri
1060 3185 1088 3231 ad
1100 3201 1146 3232 me.

103 3247 241 3303 presentibus,
258 3263 301 3293 nec
312 3249 421 3295 sumtibus
431 3256 559 3310 parcentem
572 3257 597 3296 ut
608 3258 640 3295 tu.
728 3249 921 3312 Impeviumsem
938 3249 952 3295 i.
964 3265 984 3296 e.
1001 3256 1078 3310 patere
1094 3250 1132 3296 tibi
1150 3265 1163 3296 a
1177 3265 1214 3298 me
1230 3250 1274 3297 im-

132 3313 158 3355 16
175 3314 232 3358 Oam
246 3313 319 3358 ridere
333 3315 403 3367 roles,·
421 3316 443 3360 h.
454 3329 475 3360 e.
495 3314 530 3360 ubi
547 3314 665 3374 aliquando
698 3313 776 3375 perari,
789 3321 894 3374 tanquam
905 3313 996 3359 domino
1008 3314 1113 3360 convivii.

106 3375 202 3421 remissior
216 3375 293 3422 fueris.
730 3381 745 3424 7
767 3379 822 3431 Tibi,
839 3378 862 3423 in
874 3393 939 3424 usum
951 3384 1014 3424 tuum
1026 3379 1084 3439 apud
1096 3395 1139 3426 me.

131 3439 238 3495 Porciam,¹
260 3441 365 3488 obesulus
377 3449 424 3488 erat
436 3441 553 3497 Horatius,
570 3449 593 3489 et
603 3441 665 3504 porci
731 3445 746 3488 9
763 3443 851 3488 Moschi
858 3464 866 3497 ,·
884 3443 919 3488 liic
932 3444 1088 3502 Pergamenus
1105 3445 1191 3490 Rhetor
1205 3445 1275 3499 nons-

104 3502 206 3551 audiebaut
217 3505 332 3568 Epicurei.
697 3509 773 3560 umas,
793 3522 845 3553 reas
865 3508 964 3570 verrep‘lcr'i
973 3507 1033 3571 ficit,
1050 3507 1117 3570 cufim
1133 3523 1229 3555 causam
1248 3525 1274 3555 ec

694 3573 775 3632 primis
785 3579 842 3618 tuac
858 3571 960 3618 Oratores
974 3580 1075 3631 egerunt,
1091 3573 1220 3634 Torquatus
1230 3574 1273 3626 lie,

303 3633 409 3682 EPIST.
426 3633 456 3685 V.
486 3651 488 3656 ’
697 3637 724 3682 de
735 3652 779 3700 qua
789 3649 855 3682 aaut
865 3636 924 3690 dicit,
936 3636 1003 3698 cujas
1012 3643 1082 3683 exstat
1095 3637 1176 3692 orara,
1187 3645 1209 3683 et
1220 3637 1275 3684 Asi·

696 3702 749 3748 aias
761 3701 838 3747 Pollio.
1062 3703 1064 3710 ⁴

132 3762 285 3816 lactura,
313 3762 410 3810 Archias
431 3765 504 3811 breves
519 3765 584 3811 lectos
596 3765 662 3828 fecit,
729 3767 793 3812 Noto
806 3767 907 3819 θωνα,-
927 3766 985 3812 Divi
1000 3766 1093 3812 casaris
1111 3767 1211 3812 natalem
1229 3765 1274 3825 sig-

104 3826 155 3869 aare
165 3827 291 3882 Arciiacos,
303 3828 407 3875 άίεἰνηιιε.
696 3831 780 3893 nificat,
792 3831 828 3876 ille
839 3831 918 3876 labus
929 3831 998 3878 Juliis
1008 3831 1139 3876 celebratur.

129 3891 141 3934 2
158 3890 208 3938 Olus
223 3908 305 3945 omnm
322 3894 484 3954 qualecunque,
501 3901 528 3940 ut
542 3895 615 3940 dicere
628 3909 663 3940 so-
730 3898 759 3940 10
775 3897 878 3954 Impune
888 3910 961 3955 neque
976 3895 1035 3941 enirn
1047 3910 1060 3940 a
1075 3893 1177 3942 Censore
1188 3894 1272 3940 vetabi-

104 3950 163 3999 ltmut
171 3971 210 4002 nos
220 3972 288 4002 ornae
297 3957 379 4003 uinum
389 3958 465 4004 bibere.
694 3974 746 4004 mur
765 3961 844 4005 aestivo
863 3961 907 4005 hoc
926 3966 1027 4021 tempore
1040 3960 1112 4006 noctis
1128 3960 1161 4004 uti
1181 3959 1275 4019 refrige-

129 4019 142 4061 8
156 4021 261 4079 Supremo
276 4029 297 4067 te
313 4022 370 4074 sole;
387 4029 466 4069 contra
477 4037 543 4083 quarn
553 4021 663 4069 faciebant
695 4024 735 4069 rio.
765 4025 866 4078 Veniam,
885 4023 985 4078 feriandi,
996 4023 1120 4070 abstinendi
1137 4039 1151 4070 a
1168 4023 1275 4083 negotiis.

105 4078 154 4135 buu,
169 4085 203 4144 qui
215 4086 244 4130 de
255 4085 329 4130 medio
340 4086 376 4131 die
387 4101 476 4133 coenam
488 4087 637 4133 ordiebantur.
696 4090 814 4141 Somnum,
833 4097 856 4134 et
873 4089 928 4134 adeo
945 4088 1054 4149 permittit
1069 4088 1151 4133 diutius
1167 4087 1271 4142 dormire,

117 4147 143 4217 Ι4
157 4149 242 4195 Iterum
257 4151 341 4199 Tauro.
354 4151 431 4211 supple
443 4149 551 4198 Consule.
581 4149 664 4198 Incidit
696 4168 742 4212 quo
752 4152 838 4199 facilius
849 4169 889 4214 per
900 4161 990 4199 noctem
1004 4152 1077 4213 possis
1088 4151 1272 4198 conviviointer-

105 4206 133 4254 luc
141 4225 205 4258 annus
215 4214 239 4259 in
251 4213 282 4260 A.
296 4212 328 4260 U.
337 4211 366 4261 C.
377 4217 432 4262 728.
695 4232 753 4264 esse.

130 4276 262 4324 5Petrr'rrus
283 4279 345 4324 meris
366 4280 420 4326 olim
440 4280 466 4326 in
485 4295 539 4339 agro
556 4281 665 4328 Falerna.
731 4285 758 4327 ll
777 4282 888 4341 Benigrw,
900 4283 971 4343 largo,
984 4281 1083 4342 copioso.

107 4333 256 4389 Minturnarum
275 4350 299 4388 et
310 4342 423 4391 Sinuessae
439 4344 524 4391 mentio
538 4346 605 4393 etiarn
619 4345 664 4393 Fa·
732 4347 840 4400 Tendere,
851 4347 989 4407 prorlucere;
1008 4345 1144 4408 Metaphora
1156 4360 1170 4392 n
1180 4343 1273 4392 lanificis

106 4397 176 4450 lernam
185 4422 265 4468 agrum
276 4407 382 4454 indicant.
699 4409 800 4456 deducta.
