2964 5022
440 325 706 394 CARMINUM
727 325 804 394 Lm.
827 325 941 396 11.17.

534 796 662 878 ODE
694 797 840 881 XVII.

533 1016 583 1063 AD
601 1014 845 1066 MAECENATEM.

553 1197 657 1245 Metram
667 1206 695 1245 ut
705 1199 731 1246 iu
738 1199 823 1260 pairac.
847 1227 853 1241 ·

224 1342 304 1406 Cun
317 1364 369 1408 me
383 1343 519 1430 querelis
534 1343 695 1410 exanimas
710 1342 796 1407 tuis?

225 1452 297 1516 Nec
312 1453 374 1518 Dis
389 1455 525 1519 amicum
540 1467 597 1534 est,
613 1476 672 1518 nec
687 1453 775 1532 mihi,
790 1464 822 1518 te
836 1453 923 1537 prius

269 1562 378 1644 Obire,
395 1565 568 1644 Maecenas,
585 1585 728 1630 mearum

309 1673 441 1740 Grande
456 1675 552 1743 decus
567 1676 776 1761 columenque
790 1695 905 1738 rerum.

161 1791 181 1847 5
224 1783 279 1848 Ah
294 1785 301 1850 Ι
325 1799 357 1852 te
371 1809 451 1852 meae
465 1787 492 1852 si
506 1799 628 1876 partem
643 1785 757 1851 animae
771 1784 854 1870 rapit

58 1899 71 1920 ⁰
116 1963 120 1970 ,
224 1893 386 1962 Maturior
399 1898 457 1977 vis,
473 1897 550 1984 quid
564 1920 673 1963 moror
687 1895 795 1975 altera,

269 2007 337 2073 Nec
352 2032 443 2074 carus
459 2030 559 2096 aeque,
575 2030 634 2073 nec
649 2018 808 2092 superstes

310 2119 460 2208 Integer?
483 2119 540 2184 Ille
554 2119 622 2184 dics
637 2130 803 2204 utramque

225 2230 333 2297 Ducet
346 2231 491 2296 retinam:
513 2252 580 2294 non
594 2251 654 2316 ego
668 2227 827 2313 perfidum

146 2352 184 2408 10
224 2342 304 2408 Dixi
317 2353 566 2407 sacramentum:
589 2339 714 2418 ibimus,
730 2337 855 2416 ibimus,

265 2453 437 2539 Utcunque
451 2451 622 2537 praecedes,
639 2470 822 2536 supremum

308 2563 449 2649 Carpere
462 2563 522 2627 iter
537 2561 666 2627 comites
680 2557 793 2646 parati.

222 2672 281 2738 Me
294 2695 353 2739 nec
366 2673 536 2739 Chimaerae
551 2671 678 2758 spiritus
692 2670 806 2758 ignem,

225 2785 303 2864 Nec,
319 2784 347 2848 si
360 2800 505 2872 resurgat
519 2781 714 2848 centimanus
727 2779 847 2868 Gyges,

141 2903 177 2960 15
262 2893 403 2960 Divellet
416 2915 576 2981 unquam:
599 2892 645 2956 sic
658 2890 780 2977 potenti
871 2955 872 2958 ,

304 3003 442 3069 Justitiae
455 3003 669 3090 placitumque
686 2999 805 3067 Parcis.

223 3115 287 3179 Seu
302 3112 412 3192 Libra,
428 3135 485 3178 seu
498 3136 550 3179 me
567 3101 717 3198 Scorpius
731 3109 843 3197 aspicit

222 3222 471 3302 Formidolosus,
487 3245 561 3310 pars
576 3221 744 3288 violentior

261 3333 384 3398 Natalis
398 3334 497 3413 horae,
514 3356 570 3398 seu
583 3345 737 3418 tyrannus

138 3450 178 3510 10
305 3443 476 3530 Hesperiae
492 3443 705 3531 Capricornus
720 3442 815 3508 undae
823 3467 833 3519 3

162 3634 179 3679 6
193 3631 285 3680 interum
295 3631 355 3696 conj.
363 3633 452 3682 Burni.
463 3635 495 3680 ud
510 3633 571 3694 Vsrg.
581 3633 640 3684 AEn.
654 3635 678 3681 2.
688 3632 745 3680 647.
811 3630 841 3677 14
860 3627 933 3704 Gigas
943 3630 1026 3687 multi,-
1044 3629 1110 3694 Gyas
1120 3631 1206 3682 Lanu.

289 3795 363 3845 ODE
379 3796 466 3846 XVII.
732 3799 762 3843 10
779 3795 913 3859 Simplicius,
935 3802 999 3859 puto,
1021 3795 1050 3844 ad
1071 3795 1189 3844 militarem
1214 3796 1276 3845 iilam

128 3861 323 3918 lEsonimh·
335 3861 601 3911 etenendodsmeutas.
697 3862 881 3939 conjurationem,
893 3861 954 3923 quod
965 3869 1135 3909 nmmum
1146 3862 1275 3924 appellatur,

127 3927 142 3971 2
163 3926 279 4003 Ααιίαααι,
300 3925 431 3976 Graecis
407 3925 476 3988 φίλαν,
494 3927 549 3976 illud
567 3933 602 3976 est
620 3942 665 3990 quo
697 3925 783 3989 respici,
796 3928 934 3990 conjurant
943 3925 1033 3982 milites,
1050 3925 1147 3989 scyitgoe
1160 3927 1276 3990 etsomi-

17 4007 40 4020 ··
102 3992 307 4040 onustissimus
696 3991 1058 4039 dianonusanmsubs'turosetc.

127 4057 219 4104 SOtua
228 4073 287 4119 ppro
287 4055 481 4104 rieocctdereesc
502 4055 595 4104 Dicitur
606 4071 665 4104 emm
733 4059 760 4102 ll
785 4057 913 4118 Πιααααιια,
925 4055 1058 4118 ubicunque.

101 4073 348 4177 summouit,
359 4111 571 4168 eudemiutellectu.
730 4123 827 4182 »9111111111
827 4121 928 4174 emim,
939 4119 1184 4185 qauudiarsrrositur

126 4187 140 4231 fi
154 4187 214 4247 Καρὶ
224 4186 332 4234 dicrmtur
341 4185 380 4247 qui
390 4185 509 4233 immature
516 4186 634 4234 decedunt.
733 4187 763 4231 14
779 4183 844 4232 Idem
856 4184 968 4240 Briareus,
939 4135 1050 4248 wAEgae
1051 4199 1081 4231 on
1092 4191 1115 4230 et
1127 4182 1215 4248 Gyges.

125 4251 202 4299 vNec
218 4265 289 4300 canu
306 4264 374 4312 aeqrse
392 4263 424 4298 sc.
434 4251 495 4306 mihi,
507 4251 588 4300 amisse
602 4255 666 4313 parte
732 4252 761 4295 17
778 4250 851 4296 Libra
861 4250 889 4296 ed
900 4200 1050 4296 Veneremgae
1026 4254 1117 4310 spectet,
1130 4198 1237 4312 Scorpius
1247 4250 1276 4298 ud

102 4312 177 4362 meliore
185 4316 237 4365 md.
306 4346 311 4354 ·
697 4313 806 4370 Martem,
818 4325 842 4361 et
853 4311 1004 4376 Capricornus
1015 4314 1043 4360 ed
1054 4312 1185 4361 Saturnum.

109 4381 137 4425 9
155 4381 281 4446 uenasque
298 4381 404 4438 παίωνα,
419 4379 533 4430 interitum
552 4379 666 4442 utriusque
732 4382 762 4425 la
785 4379 910 4434 Violouior,
922 4377 1010 4432 saevior,
1021 4377 1058 4425 vel
1070 4379 1223 4428 truculentior.

100 4444 159 4504 puts
733 4446 763 4489 19
783 4444 925 4506 Tyrannus
915 4457 968 4508 yem
974 4447 1016 4507 pro
1025 4442 1138 4493 domiuus.
