<?xml version="1.0" encoding="UTF-8"?>
<!DOCTYPE html PUBLIC "-//W3C//DTD XHTML 1.0 Transitional//EN"
    "http://www.w3.org/TR/xhtml1/DTD/xhtml1-transitional.dtd">
<html xmlns="http://www.w3.org/1999/xhtml" xml:lang="en" lang="en">
 <head>
  <title>
</title>
<meta http-equiv="Content-Type" content="text/html;charset=utf-8" />
  <meta name='ocr-system' content='tesseract 3.04.00' />
  <meta name='ocr-capabilities' content='ocr_page ocr_carea ocr_par ocr_line ocrx_word'/>
</head>
<body>
  <div class='ocr_page' id='page_1' title='image "./operacumselecti00horagoog_0091.png"; bbox 0 0 2964 5022; ppageno 0'>
   <div class='ocr_carea' id='block_1_1' title="bbox 199 279 1023 360">
    <p class='ocr_par' dir='ltr' id='par_1_1' title="bbox 199 279 1023 360">
     <span class='ocr_line' id='line_1_1' title="bbox 199 279 1023 360; baseline -0.002 -14"><span class='ocrx_word' id='word_1_1' title='bbox 199 291 239 348; x_wconf 77' lang='grc'><strong>81</strong></span> <span class='ocrx_word' id='word_1_2' title='bbox 552 279 827 360; x_wconf 80' lang='lat' dir='ltr'><strong>Q.HORAT11</strong></span> <span class='ocrx_word' id='word_1_3' title='bbox 852 279 1023 346; x_wconf 82' lang='lat' dir='ltr'><strong>FLACCI</strong></span> 
     </span>
    </p>
   </div>
   <div class='ocr_carea' id='block_1_2' title="bbox 675 763 917 848">
    <p class='ocr_par' dir='ltr' id='par_1_2' title="bbox 675 763 917 848">
     <span class='ocr_line' id='line_1_2' title="bbox 675 763 917 848; baseline -0.008 0"><span class='ocrx_word' id='word_1_4' title='bbox 675 763 802 848; x_wconf 90' lang='lat' dir='ltr'><strong>ODE</strong></span> <span class='ocrx_word' id='word_1_5' title='bbox 832 765 917 848; x_wconf 91' lang='lat' dir='ltr'><strong>III.</strong></span> 
     </span>
    </p>
   </div>
   <div class='ocr_carea' id='block_1_3' title="bbox 655 997 1006 1058">
    <p class='ocr_par' dir='ltr' id='par_1_3' title="bbox 655 997 1006 1058">
     <span class='ocr_line' id='line_1_3' title="bbox 655 997 1006 1058; baseline -0.003 -12"><span class='ocrx_word' id='word_1_6' title='bbox 655 997 923 1058; x_wconf 75' lang='lat' dir='ltr'><strong>Metramatiopn&#39;ore.</strong></span> <span class='ocrx_word' id='word_1_7' title='bbox 1003 1045 1006 1054; x_wconf 71' lang='grc'>,</span> 
     </span>
    </p>
   </div>
   <div class='ocr_carea' id='block_1_4' title="bbox 217 1158 1018 3100">
    <p class='ocr_par' dir='ltr' id='par_1_4' title="bbox 217 1158 1018 3100">
     <span class='ocr_line' id='line_1_4' title="bbox 327 1158 950 1245; baseline -0.008 -20"><span class='ocrx_word' id='word_1_8' title='bbox 327 1159 349 1225; x_wconf 84' lang='lat' dir='ltr'>J</span> <span class='ocrx_word' id='word_1_9' title='bbox 352 1179 464 1224; x_wconf 74' lang='lat' dir='ltr'><strong>ussum</strong></span> <span class='ocrx_word' id='word_1_10' title='bbox 478 1172 509 1224; x_wconf 88' lang='lat' dir='ltr'><strong>et</strong></span> <span class='ocrx_word' id='word_1_11' title='bbox 523 1170 664 1225; x_wconf 82' lang='lat' dir='ltr'><strong>tenacem</strong></span> <span class='ocrx_word' id='word_1_12' title='bbox 679 1158 833 1245; x_wconf 82' lang='lat' dir='ltr'><strong>propositi</strong></span> <span class='ocrx_word' id='word_1_13' title='bbox 847 1159 950 1223; x_wconf 91' lang='lat' dir='ltr'><strong>virum</strong></span> 
     </span>
     <span class='ocr_line' id='line_1_5' title="bbox 330 1269 953 1356; baseline -0.006 -22"><span class='ocrx_word' id='word_1_14' title='bbox 330 1271 405 1334; x_wconf 92' lang='lat' dir='ltr'><strong>Non</strong></span> <span class='ocrx_word' id='word_1_15' title='bbox 420 1270 534 1334; x_wconf 89' lang='lat' dir='ltr'><strong>civium</strong></span> <span class='ocrx_word' id='word_1_16' title='bbox 548 1270 643 1335; x_wconf 89' lang='lat' dir='ltr'><strong>ardor</strong></span> <span class='ocrx_word' id='word_1_17' title='bbox 656 1291 754 1355; x_wconf 85' lang='lat' dir='ltr'><strong>prava</strong></span> <span class='ocrx_word' id='word_1_18' title='bbox 763 1269 953 1356; x_wconf 88' lang='lat' dir='ltr'><strong>jubentium,</strong></span> 
     </span>
     <span class='ocr_line' id='line_1_6' title="bbox 373 1378 863 1465; baseline -0.004 -21"><span class='ocrx_word' id='word_1_19' title='bbox 373 1381 448 1444; x_wconf 91' lang='lat' dir='ltr'><strong>Non</strong></span> <span class='ocrx_word' id='word_1_20' title='bbox 463 1379 566 1445; x_wconf 90' lang='lat' dir='ltr'><strong>vultus</strong></span> <span class='ocrx_word' id='word_1_21' title='bbox 581 1378 723 1444; x_wconf 88' lang='lat' dir='ltr'><strong>instantis</strong></span> <span class='ocrx_word' id='word_1_22' title='bbox 738 1379 863 1465; x_wconf 84' lang='lat' dir='ltr'><strong>tyranni</strong></span> 
     </span>
     <span class='ocr_line' id='line_1_7' title="bbox 412 1487 1013 1577; baseline -0.007 -23"><span class='ocrx_word' id='word_1_23' title='bbox 412 1489 525 1554; x_wconf 88' lang='lat' dir='ltr'><strong>Mente</strong></span> <span class='ocrx_word' id='word_1_24' title='bbox 539 1489 639 1577; x_wconf 89' lang='lat' dir='ltr'><strong>quatit</strong></span> <span class='ocrx_word' id='word_1_25' title='bbox 653 1487 762 1566; x_wconf 86' lang='lat' dir='ltr'><strong>solida,</strong></span> <span class='ocrx_word' id='word_1_26' title='bbox 777 1510 880 1575; x_wconf 85' lang='lat' dir='ltr'><strong>neque</strong></span> <span class='ocrx_word' id='word_1_27' title='bbox 896 1487 1013 1551; x_wconf 86' lang='lat' dir='ltr'>Auster</span> 
     </span>
     <span class='ocr_line' id='line_1_8' title="bbox 266 1597 847 1686; baseline -0.007 -21"><span class='ocrx_word' id='word_1_28' title='bbox 266 1606 285 1665; x_wconf 81' lang='lat'>5</span> <span class='ocrx_word' id='word_1_29' title='bbox 329 1597 409 1664; x_wconf 86' lang='lat' dir='ltr'><strong>Dux</strong></span> <span class='ocrx_word' id='word_1_30' title='bbox 423 1597 554 1686; x_wconf 88' lang='lat' dir='ltr'><strong>inquieti</strong></span> <span class='ocrx_word' id='word_1_31' title='bbox 567 1598 711 1663; x_wconf 88' lang='lat' dir='ltr'><strong>turbidus</strong></span> <span class='ocrx_word' id='word_1_32' title='bbox 726 1598 847 1675; x_wconf 86' lang='lat' dir='ltr'><strong>Adriae,</strong></span> 
     </span>
     <span class='ocr_line' id='line_1_9' title="bbox 328 1707 979 1795; baseline -0.006 -21"><span class='ocrx_word' id='word_1_33' title='bbox 328 1709 397 1774; x_wconf 92' lang='lat' dir='ltr'><strong>Nec</strong></span> <span class='ocrx_word' id='word_1_34' title='bbox 411 1707 604 1774; x_wconf 84' lang='lat' dir='ltr'><strong>fulminantis</strong></span> <span class='ocrx_word' id='word_1_35' title='bbox 619 1731 734 1795; x_wconf 85' lang='lat' dir='ltr'><strong>magna</strong></span> <span class='ocrx_word' id='word_1_36' title='bbox 747 1707 835 1773; x_wconf 88' lang='lat' dir='ltr'><strong>Jovis</strong></span> <span class='ocrx_word' id='word_1_37' title='bbox 850 1727 979 1774; x_wconf 86' lang='lat' dir='ltr'><strong>manus:</strong></span> 
     </span>
     <span class='ocr_line' id='line_1_10' title="bbox 374 1816 870 1895; baseline -0.004 -12"><span class='ocrx_word' id='word_1_38' title='bbox 374 1817 408 1883; x_wconf 85' lang='lat' dir='ltr'><strong>Si</strong></span> <span class='ocrx_word' id='word_1_39' title='bbox 422 1817 537 1882; x_wconf 85' lang='lat' dir='ltr'><strong>fractus</strong></span> <span class='ocrx_word' id='word_1_40' title='bbox 552 1816 697 1883; x_wconf 80' lang='lat' dir='ltr'><strong>illabatur</strong></span> <span class='ocrx_word' id='word_1_41' title='bbox 711 1817 807 1895; x_wconf 89' lang='lat' dir='ltr'><strong>orbis,</strong></span> <span class='ocrx_word' id='word_1_42' title='bbox 868 1855 870 1858; x_wconf 57' lang='lat'>&gt;</span> 
     </span>
     <span class='ocr_line' id='line_1_11' title="bbox 413 1925 867 2012; baseline -0.004 -20"><span class='ocrx_word' id='word_1_43' title='bbox 413 1926 612 2012; x_wconf 89' lang='lat' dir='ltr'><strong>Impavidum</strong></span> <span class='ocrx_word' id='word_1_44' title='bbox 627 1927 740 1994; x_wconf 85' lang='lat' dir='ltr'><strong>ferient</strong></span> <span class='ocrx_word' id='word_1_45' title='bbox 756 1925 867 1992; x_wconf 86' lang='lat' dir='ltr'><strong>ruinae.</strong></span> 
     </span>
     <span class='ocr_line' id='line_1_12' title="bbox 329 2033 948 2125; baseline -0.008 -22"><span class='ocrx_word' id='word_1_46' title='bbox 329 2037 404 2103; x_wconf 87' lang='lat' dir='ltr'><strong>Hac</strong></span> <span class='ocrx_word' id='word_1_47' title='bbox 418 2053 485 2102; x_wconf 84' lang='lat' dir='ltr'><strong>arte</strong></span> <span class='ocrx_word' id='word_1_48' title='bbox 501 2037 617 2102; x_wconf 86' lang='lat' dir='ltr'>Pollux</span> <span class='ocrx_word' id='word_1_49' title='bbox 631 2049 663 2102; x_wconf 89' lang='lat' dir='ltr'><strong>et</strong></span> <span class='ocrx_word' id='word_1_50' title='bbox 677 2059 773 2125; x_wconf 83' lang='lat' dir='ltr'><strong>vagus</strong></span> <span class='ocrx_word' id='word_1_51' title='bbox 790 2033 948 2100; x_wconf 89' lang='lat' dir='ltr'><strong>Hercules</strong></span> 
     </span>
     <span class='ocr_line' id='line_1_13' title="bbox 245 2146 816 2235; baseline -0.004 -22"><span class='ocrx_word' id='word_1_52' title='bbox 245 2159 283 2214; x_wconf 90' lang='lat'><strong>10</strong></span> <span class='ocrx_word' id='word_1_53' title='bbox 328 2147 455 2225; x_wconf 87' lang='lat' dir='ltr'><strong>Enisus,</strong></span> <span class='ocrx_word' id='word_1_54' title='bbox 471 2169 558 2212; x_wconf 85' lang='lat' dir='ltr'><strong>arces</strong></span> <span class='ocrx_word' id='word_1_55' title='bbox 573 2146 675 2235; x_wconf 85' lang='lat' dir='ltr'><strong>attigit</strong></span> <span class='ocrx_word' id='word_1_56' title='bbox 688 2148 816 2234; x_wconf 84' lang='lat' dir='ltr'><strong>igneas3</strong></span> 
     </span>
     <span class='ocr_line' id='line_1_14' title="bbox 369 2251 938 2344; baseline -0.004 -24"><span class='ocrx_word' id='word_1_57' title='bbox 369 2257 461 2334; x_wconf 85' lang='lat' dir='ltr'><strong>Quos</strong></span> <span class='ocrx_word' id='word_1_58' title='bbox 475 2257 558 2322; x_wconf 88' lang='lat' dir='ltr'><strong>inter</strong></span> <span class='ocrx_word' id='word_1_59' title='bbox 573 2258 737 2344; x_wconf 84' lang='lat' dir='ltr'><strong>Augustus</strong></span> <span class='ocrx_word' id='word_1_60' title='bbox 751 2251 938 2320; x_wconf 89' lang='lat' dir='ltr'><strong>recumbens</strong></span> 
     </span>
     <span class='ocr_line' id='line_1_15' title="bbox 414 2343 876 2453; baseline -0.011 -22"><span class='ocrx_word' id='word_1_61' title='bbox 414 2343 581 2453; x_wconf 75' lang='lat' dir='ltr'><strong>Purpureo</strong></span> <span class='ocrx_word' id='word_1_62' title='bbox 595 2366 675 2431; x_wconf 91' lang='lat' dir='ltr'><strong>bibit</strong></span> <span class='ocrx_word' id='word_1_63' title='bbox 689 2388 745 2430; x_wconf 88' lang='lat' dir='ltr'><strong>ore</strong></span> <span class='ocrx_word' id='word_1_64' title='bbox 758 2373 876 2428; x_wconf 85' lang='lat' dir='ltr'><strong>nectar.</strong></span> 
     </span>
     <span class='ocr_line' id='line_1_16' title="bbox 326 2475 980 2559; baseline -0.009 -17"><span class='ocrx_word' id='word_1_65' title='bbox 326 2477 401 2542; x_wconf 85' lang='lat' dir='ltr'><strong>Hac</strong></span> <span class='ocrx_word' id='word_1_66' title='bbox 416 2489 447 2542; x_wconf 88' lang='lat' dir='ltr'><strong>te</strong></span> <span class='ocrx_word' id='word_1_67' title='bbox 461 2488 644 2554; x_wconf 87' lang='lat' dir='ltr'><strong>merentem,</strong></span> <span class='ocrx_word' id='word_1_68' title='bbox 662 2475 788 2541; x_wconf 87' lang='lat' dir='ltr'><strong>Bacche</strong></span> <span class='ocrx_word' id='word_1_69' title='bbox 801 2483 901 2559; x_wconf 83' lang='lat' dir='ltr'><strong>pater,</strong></span> <span class='ocrx_word' id='word_1_70' title='bbox 917 2482 980 2536; x_wconf 87' lang='lat' dir='ltr'><strong>tuae</strong></span> 
     </span>
     <span class='ocr_line' id='line_1_17' title="bbox 324 2585 839 2674; baseline -0.012 -21"><span class='ocrx_word' id='word_1_71' title='bbox 324 2588 451 2653; x_wconf 86' lang='lat' dir='ltr'><strong>Vexere</strong></span> <span class='ocrx_word' id='word_1_72' title='bbox 464 2587 571 2674; x_wconf 77' lang='lat' dir='ltr'><strong>tigreS,</strong></span> <span class='ocrx_word' id='word_1_73' title='bbox 586 2585 715 2651; x_wconf 88' lang='lat' dir='ltr'><strong>indocili</strong></span> <span class='ocrx_word' id='word_1_74' title='bbox 723 2586 839 2672; x_wconf 86' lang='lat' dir='ltr'><strong>jugum</strong></span> 
     </span>
     <span class='ocr_line' id='line_1_18' title="bbox 243 2691 904 2769; baseline -0.009 -7"><span class='ocrx_word' id='word_1_75' title='bbox 243 2706 281 2764; x_wconf 84' lang='lat'><strong>15</strong></span> <span class='ocrx_word' id='word_1_76' title='bbox 368 2696 462 2762; x_wconf 88' lang='lat' dir='ltr'><strong>Collo</strong></span> <span class='ocrx_word' id='word_1_77' title='bbox 475 2695 652 2760; x_wconf 85' lang='lat' dir='ltr'><strong>trahentes:</strong></span> <span class='ocrx_word' id='word_1_78' title='bbox 673 2693 734 2758; x_wconf 88' lang='lat' dir='ltr'><strong>hac</strong></span> <span class='ocrx_word' id='word_1_79' title='bbox 749 2691 904 2769; x_wconf 85' lang='lat' dir='ltr'><strong>Quirinus</strong></span> 
     </span>
     <span class='ocr_line' id='line_1_19' title="bbox 217 2799 1018 2892; baseline -0.006 -20"><span class='ocrx_word' id='word_1_80' title='bbox 217 2799 219 2802; x_wconf 34' lang='lat'>⁵</span> <span class='ocrx_word' id='word_1_81' title='bbox 411 2806 527 2871; x_wconf 89' lang='lat' dir='ltr'><strong>Martis</strong></span> <span class='ocrx_word' id='word_1_82' title='bbox 542 2805 630 2892; x_wconf 87' lang='lat' dir='ltr'><strong>equis</strong></span> <span class='ocrx_word' id='word_1_83' title='bbox 645 2803 829 2869; x_wconf 80' lang='lat' dir='ltr'><strong>Acheronta</strong></span> <span class='ocrx_word' id='word_1_84' title='bbox 842 2803 941 2891; x_wconf 84' lang='lat' dir='ltr'><strong>fugit3</strong></span> <span class='ocrx_word' id='word_1_85' title='bbox 1015 2799 1018 2806; x_wconf 79' lang='grc'><strong>’</strong></span> 
     </span>
     <span class='ocr_line' id='line_1_20' title="bbox 326 2911 849 2983; baseline -0.008 -1"><span class='ocrx_word' id='word_1_86' title='bbox 326 2917 463 2983; x_wconf 89' lang='lat' dir='ltr'><strong>Gratum</strong></span> <span class='ocrx_word' id='word_1_87' title='bbox 477 2915 600 2980; x_wconf 89' lang='lat' dir='ltr'><strong>elocuta</strong></span> <span class='ocrx_word' id='word_1_88' title='bbox 613 2911 849 2978; x_wconf 87' lang='lat' dir='ltr'><strong>consiliantibus</strong></span> 
     </span>
     <span class='ocr_line' id='line_1_21' title="bbox 274 2985 793 3100; baseline -0.008 -10"><span class='ocrx_word' id='word_1_89' title='bbox 274 3085 276 3090; x_wconf 90' lang='lat'><strong>.</strong></span> <span class='ocrx_word' id='word_1_90' title='bbox 325 3025 346 3090; x_wconf 93' lang='lat' dir='ltr'>J</span> <span class='ocrx_word' id='word_1_91' title='bbox 348 3047 452 3090; x_wconf 89' lang='lat' dir='ltr'><strong>unone</strong></span> <span class='ocrx_word' id='word_1_92' title='bbox 467 2985 693 3100; x_wconf 45' lang='lat' dir='ltr'><strong>Divisaaffion,</strong></span> <span class='ocrx_word' id='word_1_93' title='bbox 709 3021 793 3086; x_wconf 93' lang='lat' dir='ltr'><strong>Ilion</strong></span> 
     </span>
    </p>
   </div>
   <div class='ocr_carea' id='block_1_5' title="bbox 153 3245 1390 3426">
    <p class='ocr_par' dir='ltr' id='par_1_5' title="bbox 153 3245 1390 3426">
     <span class='ocr_line' id='line_1_22' title="bbox 153 3245 1390 3310; baseline -0.001 -10"><span class='ocrx_word' id='word_1_94' title='bbox 153 3280 159 3300; x_wconf 60' lang='lat' dir='ltr'><strong>t</strong></span> <span class='ocrx_word' id='word_1_95' title='bbox 196 3252 206 3295; x_wconf 91' lang='lat'>1</span> <span class='ocrx_word' id='word_1_96' title='bbox 219 3263 246 3296; x_wconf 82' lang='lat' dir='ltr'><strong>aa</strong></span> <span class='ocrx_word' id='word_1_97' title='bbox 257 3255 358 3296; x_wconf 84' lang='lat' dir='ltr'><strong>tenacem</strong></span> <span class='ocrx_word' id='word_1_98' title='bbox 371 3250 431 3296; x_wconf 65' lang='lat' dir='ltr'><strong>cita.</strong></span> <span class='ocrx_word' id='word_1_99' title='bbox 441 3251 496 3298; x_wconf 78' lang='lat' dir='ltr'><strong>San.</strong></span> <span class='ocrx_word' id='word_1_100' title='bbox 505 3255 528 3296; x_wconf 83' lang='lat' dir='ltr'><strong>et</strong></span> <span class='ocrx_word' id='word_1_101' title='bbox 538 3249 593 3296; x_wconf 86' lang='lat' dir='ltr'><strong>Ion.</strong></span> <span class='ocrx_word' id='word_1_102' title='bbox 640 3250 656 3294; x_wconf 89' lang='lat'>6</span> <span class='ocrx_word' id='word_1_103' title='bbox 667 3261 751 3310; x_wconf 86' lang='lat' dir='ltr'><strong>magna</strong></span> <span class='ocrx_word' id='word_1_104' title='bbox 761 3261 841 3294; x_wconf 87' lang='lat' dir='ltr'><strong>manus</strong></span> <span class='ocrx_word' id='word_1_105' title='bbox 851 3247 868 3297; x_wconf 89' lang='lat' dir='ltr'>J</span> <span class='ocrx_word' id='word_1_106' title='bbox 869 3247 919 3296; x_wconf 88' lang='lat' dir='ltr'><strong>ovis</strong></span> <span class='ocrx_word' id='word_1_107' title='bbox 929 3250 1007 3298; x_wconf 65' lang='grc' dir='ltr'><strong>Βοιαὶ.</strong></span> <span class='ocrx_word' id='word_1_108' title='bbox 1017 3257 1038 3297; x_wconf 83' lang='lat' dir='ltr'><strong>et</strong></span> <span class='ocrx_word' id='word_1_109' title='bbox 1048 3251 1104 3298; x_wconf 84' lang='lat' dir='ltr'><strong>Ian.</strong></span> <span class='ocrx_word' id='word_1_110' title='bbox 1153 3253 1183 3297; x_wconf 87' lang='grc'><strong>10</strong></span> <span class='ocrx_word' id='word_1_111' title='bbox 1202 3245 1289 3298; x_wconf 80' lang='lat' dir='ltr'><strong>Enisus</strong></span> <span class='ocrx_word' id='word_1_112' title='bbox 1308 3249 1390 3299; x_wconf 76' lang='lat' dir='ltr'><strong>Brod.</strong></span> 
     </span>
     <span class='ocr_line' id='line_1_23' title="bbox 226 3309 1386 3426; baseline 0.003 -66"><span class='ocrx_word' id='word_1_113' title='bbox 226 3314 503 3426; x_wconf 47' lang='lat' dir='ltr'><strong>Illpipppeteaafflsbffim</strong></span> <span class='ocrx_word' id='word_1_114' title='bbox 513 3315 590 3362; x_wconf 77' lang='lat' dir='ltr'><strong>Beati.</strong></span> <span class='ocrx_word' id='word_1_115' title='bbox 606 3309 707 3372; x_wconf 79' lang='lat' dir='ltr'><strong>innisus,</strong></span> <span class='ocrx_word' id='word_1_116' title='bbox 715 3311 806 3360; x_wconf 84' lang='lat' dir='ltr'><strong>innixus</strong></span> <span class='ocrx_word' id='word_1_117' title='bbox 816 3314 848 3361; x_wconf 78' lang='lat' dir='ltr'><strong>al.</strong></span> <span class='ocrx_word' id='word_1_118' title='bbox 864 3312 956 3362; x_wconf 78' lang='lat' dir='ltr'><strong>inrisus</strong></span> <span class='ocrx_word' id='word_1_119' title='bbox 969 3317 1024 3364; x_wconf 78' lang='lat' dir='ltr'><strong>Zur.</strong></span> <span class='ocrx_word' id='word_1_120' title='bbox 1038 3312 1134 3400; x_wconf 77' lang='lat' dir='ltr'><strong>Innixus</strong></span> <span class='ocrx_word' id='word_1_121' title='bbox 1147 3315 1205 3392; x_wconf 66' lang='lat' dir='ltr'><strong>Vm.</strong></span> <span class='ocrx_word' id='word_1_122' title='bbox 1219 3315 1283 3364; x_wconf 76' lang='lat' dir='ltr'><strong>Gur.</strong></span> <span class='ocrx_word' id='word_1_123' title='bbox 1294 3315 1386 3364; x_wconf 73' lang='lat' dir='ltr'><strong>Lamo.</strong></span> 
     </span>
    </p>
   </div>
   <div class='ocr_carea' id='block_1_6' title="bbox 193 3565 1385 3826">
    <p class='ocr_par' dir='ltr' id='par_1_6' title="bbox 413 3565 1385 3617">
     <span class='ocr_line' id='line_1_24' title="bbox 413 3565 1385 3617; baseline -0.001 -1"><span class='ocrx_word' id='word_1_124' title='bbox 413 3567 485 3616; x_wconf 83' lang='lat' dir='ltr'><strong>ODE</strong></span> <span class='ocrx_word' id='word_1_125' title='bbox 502 3565 552 3616; x_wconf 89' lang='grc' dir='ltr'><strong>ΙΙΙ.</strong></span> <span class='ocrx_word' id='word_1_126' title='bbox 833 3566 922 3615; x_wconf 85' lang='lat' dir='ltr'><strong>Notum</strong></span> <span class='ocrx_word' id='word_1_127' title='bbox 938 3573 974 3615; x_wconf 86' lang='lat' dir='ltr'><strong>est</strong></span> <span class='ocrx_word' id='word_1_128' title='bbox 985 3569 1102 3617; x_wconf 79' lang='lat' dir='ltr'><strong>Pollucem</strong></span> <span class='ocrx_word' id='word_1_129' title='bbox 1112 3583 1164 3616; x_wconf 88' lang='lat' dir='ltr'><strong>cum</strong></span> <span class='ocrx_word' id='word_1_130' title='bbox 1175 3567 1244 3616; x_wconf 82' lang='lat' dir='ltr'><strong>fratre</strong></span> <span class='ocrx_word' id='word_1_131' title='bbox 1256 3569 1347 3616; x_wconf 63' lang='lat' dir='ltr'><strong>&amp;stare</strong></span> <span class='ocrx_word' id='word_1_132' title='bbox 1358 3575 1385 3615; x_wconf 87' lang='lat' dir='ltr'><strong>et</strong></span> 
     </span>
    </p>

    <p class='ocr_par' dir='ltr' id='par_1_7' title="bbox 193 3631 1385 3762">
     <span class='ocr_line' id='line_1_25' title="bbox 226 3631 1385 3696; baseline 0.001 -17"><span class='ocrx_word' id='word_1_133' title='bbox 226 3636 242 3680; x_wconf 79' lang='lat'><strong><em>2</em></strong></span> <span class='ocrx_word' id='word_1_134' title='bbox 260 3631 354 3695; x_wconf 82' lang='lat' dir='ltr'><strong>Proprie</strong></span> <span class='ocrx_word' id='word_1_135' title='bbox 372 3634 455 3682; x_wconf 71' lang='lat' dir='ltr'><strong>Juoere</strong></span> <span class='ocrx_word' id='word_1_136' title='bbox 473 3633 501 3680; x_wconf 86' lang='lat' dir='ltr'><strong>de</strong></span> <span class='ocrx_word' id='word_1_137' title='bbox 518 3633 582 3696; x_wconf 81' lang='lat' dir='ltr'><strong>plebe</strong></span> <span class='ocrx_word' id='word_1_138' title='bbox 593 3631 698 3680; x_wconf 81' lang='lat' dir='ltr'><strong>Romana</strong></span> <span class='ocrx_word' id='word_1_139' title='bbox 708 3631 769 3680; x_wconf 88' lang='lat' dir='ltr'><strong>dice-</strong></span> <span class='ocrx_word' id='word_1_140' title='bbox 801 3631 903 3680; x_wconf 74' lang='lat' dir='ltr'><strong>Herode</strong></span> <span class='ocrx_word' id='word_1_141' title='bbox 919 3639 1033 3695; x_wconf 84' lang='lat' dir='ltr'><strong>tyrannos,</strong></span> <span class='ocrx_word' id='word_1_142' title='bbox 1050 3640 1118 3695; x_wconf 84' lang='lat' dir='ltr'><strong>atque</strong></span> <span class='ocrx_word' id='word_1_143' title='bbox 1128 3634 1175 3681; x_wconf 81' lang='lat' dir='ltr'><strong>alia</strong></span> <span class='ocrx_word' id='word_1_144' title='bbox 1185 3640 1287 3680; x_wconf 83' lang='lat' dir='ltr'><strong>monstra</strong></span> <span class='ocrx_word' id='word_1_145' title='bbox 1298 3641 1385 3680; x_wconf 89' lang='lat' dir='ltr'><strong>contu-</strong></span> 
     </span>
     <span class='ocr_line' id='line_1_26' title="bbox 193 3697 872 3762; baseline 0.003 -18"><span class='ocrx_word' id='word_1_146' title='bbox 193 3699 259 3744; x_wconf 82' lang='lat' dir='ltr'><strong>batur</strong></span> <span class='ocrx_word' id='word_1_147' title='bbox 276 3713 329 3745; x_wconf 87' lang='lat' dir='ltr'><strong>cum</strong></span> <span class='ocrx_word' id='word_1_148' title='bbox 351 3713 414 3746; x_wconf 91' lang='lat' dir='ltr'><strong>more</strong></span> <span class='ocrx_word' id='word_1_149' title='bbox 435 3699 544 3762; x_wconf 88' lang='lat' dir='ltr'><strong>majorum</strong></span> <span class='ocrx_word' id='word_1_150' title='bbox 566 3699 692 3762; x_wconf 81' lang='lat' dir='ltr'><strong>postulabat</strong></span> <span class='ocrx_word' id='word_1_151' title='bbox 715 3697 770 3759; x_wconf 86' lang='lat' dir='ltr'><strong>quid</strong></span> <span class='ocrx_word' id='word_1_152' title='bbox 803 3697 872 3746; x_wconf 84' lang='lat' dir='ltr'><strong>disse.</strong></span> 
     </span>
    </p>

    <p class='ocr_par' dir='ltr' id='par_1_8' title="bbox 194 3761 1383 3826">
     <span class='ocr_line' id='line_1_27' title="bbox 194 3761 1383 3826; baseline -0.001 -17"><span class='ocrx_word' id='word_1_153' title='bbox 194 3761 251 3810; x_wconf 88' lang='lat' dir='ltr'><strong>fieri.</strong></span> <span class='ocrx_word' id='word_1_154' title='bbox 742 3785 743 3790; x_wconf 45' lang='lat'>¹</span> <span class='ocrx_word' id='word_1_155' title='bbox 836 3765 866 3810; x_wconf 78' lang='lat'><strong>12</strong></span> <span class='ocrx_word' id='word_1_156' title='bbox 883 3763 1033 3824; x_wconf 75' lang='lat' dir='ltr'><strong>Purpureum</strong></span> <span class='ocrx_word' id='word_1_157' title='bbox 1043 3777 1067 3810; x_wconf 84' lang='lat' dir='ltr'><strong>os</strong></span> <span class='ocrx_word' id='word_1_158' title='bbox 1077 3763 1201 3826; x_wconf 83' lang='lat' dir='ltr'><strong>pulchrum,</strong></span> <span class='ocrx_word' id='word_1_159' title='bbox 1219 3761 1292 3809; x_wconf 83' lang='lat' dir='ltr'><strong>floridi</strong></span> <span class='ocrx_word' id='word_1_160' title='bbox 1304 3768 1328 3809; x_wconf 88' lang='lat' dir='ltr'><strong>et</strong></span> <span class='ocrx_word' id='word_1_161' title='bbox 1338 3777 1383 3809; x_wconf 89' lang='lat' dir='ltr'><strong>ve·</strong></span> 
     </span>
    </p>
   </div>
   <div class='ocr_carea' id='block_1_7' title="bbox 226 3826 1470 3889">
    <p class='ocr_par' dir='ltr' id='par_1_9' title="bbox 226 3826 1470 3889">
     <span class='ocr_line' id='line_1_28' title="bbox 226 3826 1470 3889; baseline -0.001 -14"><span class='ocrx_word' id='word_1_162' title='bbox 226 3828 351 3883; x_wconf 61' lang='lat' dir='ltr'><strong>alluunt,</strong></span> <span class='ocrx_word' id='word_1_163' title='bbox 364 3827 485 3882; x_wconf 50' lang='lat' dir='ltr'><strong>Sennium</strong></span> <span class='ocrx_word' id='word_1_164' title='bbox 498 3827 731 3875; x_wconf 84' lang='lat' dir='ltr'><strong>truculentusrultus.</strong></span> <span class='ocrx_word' id='word_1_165' title='bbox 801 3827 849 3889; x_wconf 86' lang='lat' dir='ltr'><strong>geti</strong></span> <span class='ocrx_word' id='word_1_166' title='bbox 865 3826 953 3876; x_wconf 89' lang='lat' dir='ltr'><strong>coloris.</strong></span> <span class='ocrx_word' id='word_1_167' title='bbox 986 3827 1084 3875; x_wconf 87' lang='lat' dir='ltr'><strong>Omnem</strong></span> <span class='ocrx_word' id='word_1_168' title='bbox 1101 3828 1182 3874; x_wconf 90' lang='lat' dir='ltr'><strong>coloris</strong></span> <span class='ocrx_word' id='word_1_169' title='bbox 1192 3826 1382 3889; x_wconf 86' lang='lat' dir='ltr'><strong>pulchritudinem</strong></span> <span class='ocrx_word' id='word_1_170' title='bbox 1469 3849 1470 3852; x_wconf 40' lang='lat'>¹</span> 
     </span>
    </p>
   </div>
   <div class='ocr_carea' id='block_1_8' title="bbox 192 3889 1383 4468">
    <p class='ocr_par' dir='ltr' id='par_1_10' title="bbox 192 3889 1383 4086">
     <span class='ocr_line' id='line_1_29' title="bbox 227 3889 1383 3955; baseline 0 -17"><span class='ocrx_word' id='word_1_171' title='bbox 227 3893 243 3938; x_wconf 77' lang='lat'><em>4</em></span> <span class='ocrx_word' id='word_1_172' title='bbox 259 3893 328 3940; x_wconf 75' lang='lat' dir='ltr'><strong>Mem</strong></span> <span class='ocrx_word' id='word_1_173' title='bbox 343 3899 375 3939; x_wconf 80' lang='lat' dir='ltr'><strong>est</strong></span> <span class='ocrx_word' id='word_1_174' title='bbox 393 3893 466 3938; x_wconf 80' lang='lat' dir='ltr'><strong>animi</strong></span> <span class='ocrx_word' id='word_1_175' title='bbox 484 3893 623 3953; x_wconf 68' lang='lat' dir='ltr'><strong>propnetam</strong></span> <span class='ocrx_word' id='word_1_176' title='bbox 643 3893 677 3940; x_wconf 83' lang='lat' dir='ltr'><strong>vel</strong></span> <span class='ocrx_word' id='word_1_177' title='bbox 698 3891 770 3939; x_wconf 82' lang='lat' dir='ltr'><strong>consi-</strong></span> <span class='ocrx_word' id='word_1_178' title='bbox 802 3899 881 3940; x_wconf 78' lang='lat' dir='ltr'><strong>notat:</strong></span> <span class='ocrx_word' id='word_1_179' title='bbox 899 3893 941 3955; x_wconf 89' lang='lat' dir='ltr'><strong>ipsi</strong></span> <span class='ocrx_word' id='word_1_180' title='bbox 957 3893 1025 3941; x_wconf 78' lang='lat' dir='ltr'><strong>olores</strong></span> <span class='ocrx_word' id='word_1_181' title='bbox 1036 3893 1151 3954; x_wconf 63' lang='lat' dir='ltr'><strong>paurpurai</strong></span> <span class='ocrx_word' id='word_1_182' title='bbox 1166 3899 1245 3940; x_wconf 89' lang='lat' dir='ltr'><strong>nostro</strong></span> <span class='ocrx_word' id='word_1_183' title='bbox 1258 3889 1347 3940; x_wconf 67' lang='lat' dir='ltr'><strong>Cant.</strong></span> <span class='ocrx_word' id='word_1_184' title='bbox 1361 3895 1383 3938; x_wconf 91' lang='lat'><strong>1.</strong></span> 
     </span>
     <span class='ocr_line' id='line_1_30' title="bbox 193 3957 962 4020; baseline -0.003 -16"><span class='ocrx_word' id='word_1_185' title='bbox 193 3957 260 4004; x_wconf 82' lang='lat' dir='ltr'><strong>lium.</strong></span> <span class='ocrx_word' id='word_1_186' title='bbox 292 3958 317 4004; x_wconf 76' lang='lat' dir='ltr'><strong>Si</strong></span> <span class='ocrx_word' id='word_1_187' title='bbox 331 3965 353 4004; x_wconf 81' lang='lat' dir='ltr'><strong>te</strong></span> <span class='ocrx_word' id='word_1_188' title='bbox 364 3958 472 4017; x_wconf 62' lang='lat' dir='ltr'><strong>warranti</strong></span> <span class='ocrx_word' id='word_1_189' title='bbox 487 3958 592 4004; x_wconf 67' lang='lat' dir='ltr'><strong>maedam</strong></span> <span class='ocrx_word' id='word_1_190' title='bbox 609 3958 771 4020; x_wconf 61' lang='lat' dir='ltr'><strong>pandeturque</strong></span> <span class='ocrx_word' id='word_1_191' title='bbox 806 3959 844 4002; x_wconf 85' lang='grc'><strong>10.</strong></span> <span class='ocrx_word' id='word_1_192' title='bbox 960 3987 962 3991; x_wconf 91' lang='grc'>-</span> 
     </span>
     <span class='ocr_line' id='line_1_31' title="bbox 192 4019 1381 4086; baseline -0.002 -17"><span class='ocrx_word' id='word_1_193' title='bbox 192 4024 272 4069; x_wconf 73' lang='lat' dir='ltr'><strong>eadm</strong></span> <span class='ocrx_word' id='word_1_194' title='bbox 281 4029 313 4069; x_wconf 83' lang='lat' dir='ltr'><strong>est</strong></span> <span class='ocrx_word' id='word_1_195' title='bbox 323 4035 393 4068; x_wconf 69' lang='lat' dir='ltr'><strong>anns.</strong></span> <span class='ocrx_word' id='word_1_196' title='bbox 404 4019 509 4068; x_wconf 80' lang='lat' dir='ltr'><strong>Juvenal.</strong></span> <span class='ocrx_word' id='word_1_197' title='bbox 536 4023 615 4077; x_wconf 66' lang='lat' dir='ltr'><strong>Solito,</strong></span> <span class='ocrx_word' id='word_1_198' title='bbox 626 4019 698 4069; x_wconf 85' lang='lat' dir='ltr'><strong>firma.</strong></span> <span class='ocrx_word' id='word_1_199' title='bbox 837 4023 866 4068; x_wconf 84' lang='lat' dir='ltr'><strong>lu</strong></span> <span class='ocrx_word' id='word_1_200' title='bbox 883 4023 988 4071; x_wconf 75' lang='lat' dir='ltr'><strong>Bacchus</strong></span> <span class='ocrx_word' id='word_1_201' title='bbox 998 4029 1022 4070; x_wconf 88' lang='lat' dir='ltr'><strong>et</strong></span> <span class='ocrx_word' id='word_1_202' title='bbox 1039 4023 1151 4076; x_wconf 71' lang='lat' dir='ltr'><strong>Quirinus</strong></span> <span class='ocrx_word' id='word_1_203' title='bbox 1167 4021 1341 4086; x_wconf 76' lang='lat' dir='ltr'><strong>legumlatores</strong></span> <span class='ocrx_word' id='word_1_204' title='bbox 1357 4027 1381 4068; x_wconf 89' lang='lat' dir='ltr'><strong>et</strong></span> 
     </span>
    </p>

    <p class='ocr_par' dir='ltr' id='par_1_11' title="bbox 227 4085 1134 4150">
     <span class='ocr_line' id='line_1_32' title="bbox 227 4085 1134 4150; baseline -0.002 -14"><span class='ocrx_word' id='word_1_205' title='bbox 227 4090 243 4136; x_wconf 82' lang='grc'><strong><em>5</em></strong></span> <span class='ocrx_word' id='word_1_206' title='bbox 261 4086 291 4134; x_wconf 95' lang='lat' dir='ltr'><strong>In</strong></span> <span class='ocrx_word' id='word_1_207' title='bbox 302 4085 374 4134; x_wconf 81' lang='lat' dir='ltr'><strong>Adria</strong></span> <span class='ocrx_word' id='word_1_208' title='bbox 385 4085 479 4132; x_wconf 83' lang='lat' dir='ltr'><strong>Actiaca</strong></span> <span class='ocrx_word' id='word_1_209' title='bbox 489 4101 566 4150; x_wconf 80' lang='lat' dir='ltr'><strong>pugna</strong></span> <span class='ocrx_word' id='word_1_210' title='bbox 576 4085 763 4150; x_wconf 71' lang='lat' dir='ltr'><strong>committebatur.</strong></span> <span class='ocrx_word' id='word_1_211' title='bbox 802 4085 874 4134; x_wconf 83' lang='lat' dir='ltr'><strong>civilis</strong></span> <span class='ocrx_word' id='word_1_212' title='bbox 885 4086 938 4135; x_wconf 83' lang='lat' dir='ltr'><strong>vitae</strong></span> <span class='ocrx_word' id='word_1_213' title='bbox 949 4093 1052 4135; x_wconf 84' lang='lat' dir='ltr'><strong>auctores</strong></span> <span class='ocrx_word' id='word_1_214' title='bbox 1062 4087 1134 4135; x_wconf 83' lang='lat' dir='ltr'><strong>luere.</strong></span> 
     </span>
    </p>

    <p class='ocr_par' dir='ltr' id='par_1_12' title="bbox 193 4147 1380 4281">
     <span class='ocr_line' id='line_1_33' title="bbox 224 4147 1380 4215; baseline -0.001 -19"><span class='ocrx_word' id='word_1_215' title='bbox 224 4155 240 4196; x_wconf 72' lang='grc'><strong>7</strong></span> <span class='ocrx_word' id='word_1_216' title='bbox 258 4150 343 4199; x_wconf 83' lang='lat' dir='ltr'><strong>Allurit</strong></span> <span class='ocrx_word' id='word_1_217' title='bbox 358 4151 387 4198; x_wconf 85' lang='lat' dir='ltr'><strong>ad</strong></span> <span class='ocrx_word' id='word_1_218' title='bbox 404 4149 538 4198; x_wconf 81' lang='lat' dir='ltr'><strong>Graecorum</strong></span> <span class='ocrx_word' id='word_1_219' title='bbox 550 4150 703 4206; x_wconf 85' lang='lat' dir='ltr'><strong>Proverbium,</strong></span> <span class='ocrx_word' id='word_1_220' title='bbox 716 4149 745 4198; x_wconf 76' lang='lat' dir='ltr'><strong>‘ra&#39;</strong></span> <span class='ocrx_word' id='word_1_221' title='bbox 753 4150 771 4199; x_wconf 73' lang='grc' dir='ltr'><strong>εἰ</strong></span> <span class='ocrx_word' id='word_1_222' title='bbox 837 4153 866 4198; x_wconf 87' lang='grc'><strong>16</strong></span> <span class='ocrx_word' id='word_1_223' title='bbox 883 4152 967 4202; x_wconf 75' lang='lat' dir='ltr'><strong>Marta</strong></span> <span class='ocrx_word' id='word_1_224' title='bbox 983 4153 1053 4214; x_wconf 61' lang='grc' dir='ltr'><strong>σφώ,</strong></span> <span class='ocrx_word' id='word_1_225' title='bbox 1075 4153 1098 4200; x_wconf 87' lang='lat' dir='ltr'><strong>h.</strong></span> <span class='ocrx_word' id='word_1_226' title='bbox 1118 4168 1138 4200; x_wconf 90' lang='lat' dir='ltr'><strong>e.</strong></span> <span class='ocrx_word' id='word_1_227' title='bbox 1160 4149 1273 4215; x_wconf 82' lang='lat' dir='ltr'><strong>quadrigis</strong></span> <span class='ocrx_word' id='word_1_228' title='bbox 1295 4147 1380 4196; x_wconf 85' lang='lat' dir='ltr'><strong>Martis</strong></span> 
     </span>
     <span class='ocr_line' id='line_1_34' title="bbox 193 4214 1035 4281; baseline 0.004 -19"><span class='ocrx_word' id='word_1_229' title='bbox 193 4214 391 4281; x_wconf 65' lang='grc' dir='ltr'><strong>οὔμνὲςὶμπίσως</strong></span> <span class='ocrx_word' id='word_1_230' title='bbox 403 4216 453 4264; x_wconf 88' lang='lat' dir='ltr'><strong>h.e.</strong></span> <span class='ocrx_word' id='word_1_231' title='bbox 467 4215 736 4270; x_wconf 76' lang='lat' dir='ltr'><strong>Qaidsicoelumruot?</strong></span> <span class='ocrx_word' id='word_1_232' title='bbox 802 4216 1035 4265; x_wconf 73' lang='lat' dir='ltr'><strong>coelnmconacendit.</strong></span> 
     </span>
    </p>

    <p class='ocr_par' dir='ltr' id='par_1_13' title="bbox 193 4279 1380 4468">
     <span class='ocr_line' id='line_1_35' title="bbox 228 4279 1380 4347; baseline 0.001 -21"><span class='ocrx_word' id='word_1_233' title='bbox 228 4279 368 4328; x_wconf 76' lang='lat' dir='ltr'><strong>9Donstus</strong></span> <span class='ocrx_word' id='word_1_234' title='bbox 383 4281 577 4329; x_wconf 78' lang='lat' dir='ltr'><strong>ortemaGraeco</strong></span> <span class='ocrx_word' id='word_1_235' title='bbox 587 4279 666 4347; x_wconf 67' lang='lat' dir='ltr'><strong>‘Apris</strong></span> <span class='ocrx_word' id='word_1_236' title='bbox 674 4281 769 4338; x_wconf 80' lang='lat' dir='ltr'><strong>deducit,</strong></span> <span class='ocrx_word' id='word_1_237' title='bbox 836 4285 866 4328; x_wconf 87' lang='grc'><strong>17</strong></span> <span class='ocrx_word' id='word_1_238' title='bbox 890 4283 1076 4337; x_wconf 72' lang='lat' dir='ltr'><strong>Coruils&#39;orrtibut3</strong></span> <span class='ocrx_word' id='word_1_239' title='bbox 1106 4281 1230 4330; x_wconf 74' lang='lat' dir='ltr'><strong>Consilium</strong></span> <span class='ocrx_word' id='word_1_240' title='bbox 1251 4279 1380 4328; x_wconf 73' lang='lat' dir='ltr'><strong>hobemr&#39;bus</strong></span> 
     </span>
     <span class='ocr_line' id='line_1_36' title="bbox 194 4344 1379 4414; baseline 0 -22"><span class='ocrx_word' id='word_1_241' title='bbox 194 4344 255 4407; x_wconf 83' lang='lat' dir='ltr'><strong>quod</strong></span> <span class='ocrx_word' id='word_1_242' title='bbox 271 4346 342 4392; x_wconf 84' lang='lat' dir='ltr'><strong>virtus</strong></span> <span class='ocrx_word' id='word_1_243' title='bbox 356 4352 404 4392; x_wconf 81' lang='lat' dir='ltr'><strong>est:</strong></span> <span class='ocrx_word' id='word_1_244' title='bbox 430 4345 476 4393; x_wconf 86' lang='lat' dir='ltr'><strong>Est</strong></span> <span class='ocrx_word' id='word_1_245' title='bbox 492 4346 551 4394; x_wconf 88' lang='lat' dir='ltr'><strong>enim</strong></span> <span class='ocrx_word' id='word_1_246' title='bbox 568 4347 635 4414; x_wconf 67' lang='lat' dir='ltr'><strong>rigaris</strong></span> <span class='ocrx_word' id='word_1_247' title='bbox 654 4347 681 4396; x_wconf 84' lang='lat' dir='ltr'><strong>ab</strong></span> <span class='ocrx_word' id='word_1_248' title='bbox 700 4345 769 4412; x_wconf 69' lang='grc' dir='ltr'><strong>ἱρρηι,</strong></span> <span class='ocrx_word' id='word_1_249' title='bbox 801 4346 844 4392; x_wconf 62' lang='lat' dir='ltr'><strong>das</strong></span> <span class='ocrx_word' id='word_1_250' title='bbox 861 4347 890 4394; x_wconf 79' lang='lat' dir='ltr'><strong>de</strong></span> <span class='ocrx_word' id='word_1_251' title='bbox 908 4348 1032 4410; x_wconf 58' lang='lat' dir='ltr'><strong>cremando</strong></span> <span class='ocrx_word' id='word_1_252' title='bbox 1047 4347 1146 4398; x_wconf 74' lang='lat' dir='ltr'><strong>umato</strong></span> <span class='ocrx_word' id='word_1_253' title='bbox 1157 4348 1183 4395; x_wconf 82' lang='lat' dir='ltr'><strong>in</strong></span> <span class='ocrx_word' id='word_1_254' title='bbox 1193 4360 1318 4396; x_wconf 68' lang='lat' dir='ltr'><strong>numerum</strong></span> <span class='ocrx_word' id='word_1_255' title='bbox 1328 4345 1379 4392; x_wconf 79' lang='lat' dir='ltr'><strong>deo-</strong></span> 
     </span>
     <span class='ocr_line' id='line_1_37' title="bbox 193 4410 1060 4468; baseline -0.001 -9"><span class='ocrx_word' id='word_1_256' title='bbox 193 4410 434 4468; x_wconf 67' lang='lat' dir='ltr'><strong>annulatautvntus</strong></span> <span class='ocrx_word' id='word_1_257' title='bbox 447 4411 528 4460; x_wconf 80' lang='lat' dir='ltr'><strong>avito.</strong></span> <span class='ocrx_word' id='word_1_258' title='bbox 801 4425 863 4460; x_wconf 85' lang='lat' dir='ltr'><strong>rum.</strong></span> <span class='ocrx_word' id='word_1_259' title='bbox 1058 4451 1060 4458; x_wconf 94' lang='lat'><strong>.</strong></span> 
     </span>
    </p>
   </div>
   <div class='ocr_carea' id='block_1_9' title="bbox 0 0 1486 5022">
    <p class='ocr_par' dir='ltr' id='par_1_14' title="bbox 0 0 1486 5022">
     <span class='ocr_line' id='line_1_38' title="bbox 0 0 1486 5022; baseline 0 4"><span class='ocrx_word' id='word_1_260' title='bbox 0 0 1486 5022; x_wconf 95' lang='lat' dir='ltr'><strong> </strong></span> 
     </span>
    </p>
   </div>
  </div>
 </body>
</html>
