2964 5022
418 361 681 430 cnumuuru
704 354 778 425 Lm.
799 359 829 456 r.
853 363 903 422 32.

490 719 617 802 ODE
647 717 841 801 XXXII.

563 955 613 1004 AD
631 953 761 1004 LYRAM.

529 1121 634 1170 Marum
644 1121 787 1182 Sawlrieum.

192 1281 390 1346 Poscmwn.
437 1281 561 1369 Siquid
575 1279 664 1346 vacui
679 1279 737 1344 sub
752 1278 864 1344 umbre

192 1391 350 1456 Lusimus
365 1405 477 1471 tecum,
493 1391 578 1480 quod
592 1403 624 1456 et
637 1391 723 1454 hunc
736 1390 770 1452 in
784 1409 902 1453 aunum

191 1500 291 1564 Vivat
306 1513 339 1565 et
350 1501 473 1587 plures:
496 1525 564 1590 age,
582 1501 634 1566 die
650 1501 809 1577 Latinum,

372 1611 509 1690 Barbite,
524 1634 662 1690 carmen,

134 1733 151 1786 5
193 1721 319 1787 Lesbio
331 1723 468 1808 primum
483 1723 642 1788 modulate
656 1721 732 1798 eivi;

195 1831 278 1910 Qui,
292 1831 382 1896 ferox
396 1832 489 1911 bello,
506 1845 610 1896 tamen
624 1833 705 1898 inter
719 1853 816 1911 arma,

193 1942 269 2007 Sive
279 1943 430 2027 jactatam
445 1939 592 2027 religarat
606 1941 670 2006 udo

371 2052 492 2117 Littore
506 2051 622 2132 navim,

192 2163 349 2228 Liberum
364 2175 397 2227 et
411 2161 533 2240 Musas,
551 2161 768 2250 Veneremque
782 2174 814 2227 et
827 2161 871 2225 illi

120 2283 151 2338 10
193 2274 331 2358 Semper
344 2273 517 2337 haerentem
534 2271 672 2336 Puerum
688 2271 828 2348 canebat,

191 2383 235 2447 Et
252 2383 378 2468 Lycum
392 2382 490 2469 nigris
504 2381 603 2446 oculis
621 2381 774 2468 nigroque

370 2492 467 2556 Crine
481 2492 642 2558 deeo'rum.
709 2507 710 2512 ’
877 2491 882 2500 ’

192 2603 224 2668 Ο
238 2602 338 2666 decus
354 2601 477 2680 Phoebi,
489 2614 522 2666 et
536 2600 669 2686 dapibus
684 2600 821 2685 supremi

194 2710 299 2777 Grata
313 2710 439 2776 testudo
453 2711 474 2776 J
474 2710 550 2790 ovis,
567 2734 587 2775 ο
600 2710 745 2776 laborum

121 2833 153 2888 15
194 2822 301 2888 Dulce
315 2819 463 2899 lenimen,
476 2820 553 2884 mihi
568 2843 691 2908 cunque
706 2821 790 2886 salve

361 2929 446 2994 *Rite
460 2931 594 2995 vocanti.

90 3117 96 3158 1
111 3114 214 3163 Poscimur
230 3118 302 3164 enirm
320 3118 368 3164 coll·
387 3118 437 3164 sav.
469 3115 693 3170 Poscimue-antro
703 3117 780 3164 Beml.
789 3131 816 3164 er
834 3117 903 3166 MSS.
915 3116 1033 3166 Poseimus
1050 3119 1110 3168 Geel.
1119 3120 1157 3167 red
1166 3134 1244 3181 super·

109 3183 166 3238 pauo
175 3198 192 3228 r.
222 3181 346 3229 Poscimuu
358 3183 412 3228 Zur.
423 3181 487 3228 Hor.
497 3181 569 3228 lacu
580 3183 612 3228 R.
621 3183 695 3241 Serpit.
703 3190 745 3228 erc.
802 3185 832 3228 m
848 3184 928 3244 cuique
938 3183 996 3246 conj.
1003 3185 1079 3231 Βοιαὶ.
1088 3199 1147 3232 nunc
1158 3186 1246 3232 resolve

113 3246 185 3293 Heum.
194 3247 252 3310 conj.
262 3247 321 3294 mihi
331 3261 426 3308 eumque
437 3246 547 3292 Anehm.
557 3244 615 3307 σοφή.
627 3245 658 3293 G.
684 3246 773 3310 conficit
784 3246 878 3296 Crueiur
885 3247 953 3294 eorda
963 3248 1031 3304 solve,
1042 3256 1083 3296 unt
1093 3249 1163 3313 iynga
1173 3249 1244 3298 solve.

245 3407 321 3456 ODE
338 3405 453 3454 XXXII.
670 3407 728 3454 tibus
739 3409 833 3470 agebat:
858 3410 920 3472 qumi
931 3410 1020 3467 diceret,
1032 3411 1079 3459 sive
1089 3411 1113 3458 in
1123 3412 1168 3460 alto
1179 3413 1243 3470 mari,

671 3472 718 3518 sive
728 3471 826 3534 inportu
837 3483 892 3522 erut.

114 3537 254 3594 lecimrm
272 3537 381 3601 jubemur
402 3535 504 3582 ecn'bere.
539 3534 564 3581 Si
586 3535 639 3597 quid
704 3539 733 3583 10
758 3538 898 3598 Hmemem,
920 3540 1061 3588 assidentem.
1104 3537 1161 3588 Erat
1182 3541 1243 3589 enim

92 3615 131 3660 ergo
150 3617 239 3663 unquam
261 3617 355 3650 carmen
376 3601 487 3647 victurum
510 3599 637 3654 cecinimus.
671 3597 760 3662 Cupido
774 3602 821 3650 sere
838 3619 926 3668 semper
936 3605 1021 3652 Veneri
1036 3599 1149 3671 Πίμῧςη,
1162 3621 1202 3654 eeu
1218 3606 1243 3653 in

91 3678 134 3710 nuc
149 3675 244 3727 optumus
254 3667 300 3714 tale
311 3665 376 3712 uobis
391 3665 528 3726 contingere.
550 3664 638 3711 Votum
670 3663 770 3727 Templis
782 3666 898 3716 Assessor.

92 3727 243 3791 interprimunt
250 3730 388 3778 allocutione
396 3731 424 3776 ad
433 3729 549 3776 Barbltum
557 3728 638 3775 Alcaei.
704 3733 731 3776 ll
750 3729 828 3792 Lycus
839 3733 912 3782 Aleaei
923 3733 1027 3781 amasius.

115 3795 219 3842 enum
233 3812 268 3843 m
284 3796 374 3842 bellicae
391 3797 495 3840 adrerum
520 3795 639 3856 lyranum
703 3797 733 3841 15
751 3797 853 3858 Curaque,
872 3801 1061 3862 mundanaeque
1093 3795 1243 3863 Compouitur

92 3859 143 3913 Μ,
159 3861 269 3908 Primum
284 3868 307 3906 et
323 3859 455 3920 Myrrium.
669 3875 748 3908 ecum
758 3869 782 3908 et
792 3877 843 3924 que.

118 3921 192 3971 llcaeus
201 3925 271 3972 navali
285 3923 368 3988 proelio
379 3923 508 3986 plerumque
524 3937 575 3970 cum
586 3923 639 3970 hoe·
