2954 5022
412 321 759 398 ammoneatur
780 323 857 392 tn.
881 323 908 390 1.
932 335 962 391 3.

137 497 180 556 10
229 489 384 560 Pindarici
398 493 493 562 fontis
503 495 560 583 qui
572 516 639 562 nou
650 490 960 580 inpulluthausnu,

230 602 381 672 Fastidire
392 603 481 672 lacus
496 615 529 672 et
542 606 626 672 rivos
639 627 734 672 ausus
748 604 900 691 apertos?

227 711 272 777 Ut
285 711 394 780 valet?
414 726 450 778 ut
463 715 606 780 meminit
619 714 743 780 nostri?
763 714 921 782 fidibusne
936 713 1059 780 Latinis

225 821 395 888 Thebanos
410 835 518 908 aptare
531 825 644 890 modos
658 825 774 904 studet,
790 824 917 910 auspice
932 805 1056 890 Musis?

226 931 278 994 An
292 916 413 1019 tragici
426 933 557 1000 desaevit
566 946 602 998 et
614 935 806 1020 ampullatur
818 935 852 999 in
866 931 958 1000 arte?

141 1047 187 1106 15
227 1040 316 1117 Quid
329 1041 408 1106 mibi
422 1041 535 1108 Celsus
549 1043 638 1132 agit?
659 1045 797 1110 monitus
812 1029 1008 1132 multumque
1022 1039 1211 1117 monendus,

230 1150 373 1216 Privatus
388 1166 425 1216 ut
437 1166 559 1239 quaerat
572 1177 660 1241 opes,
676 1166 709 1222 et
721 1167 852 1242 tangere
866 1154 944 1220 vitet

231 1260 366 1346 Scripta,
383 1261 544 1328 Palatinus
559 1286 755 1351 quaecunque
769 1264 887 1349 recepit
902 1262 1037 1350 Apollo;

226 1369 286 1450 Ne,
302 1371 330 1436 si
344 1361 424 1436 forte
438 1394 510 1438 suas
524 1375 692 1460 repetitum
706 1375 828 1440 venerit
840 1373 917 1438 olim

227 1479 319 1548 Grex
333 1481 439 1548 avium
452 1483 586 1569 plumas,
603 1496 728 1550 moveat
741 1483 901 1550 cornicula
914 1483 1014 1572 risum

144 1597 188 1657 20
228 1590 364 1656 Furtivis
378 1592 497 1658 nudata
510 1593 680 1659 coloribus.
723 1593 797 1680 Ipse
811 1592 888 1680 quid
902 1590 1026 1658 audes?

228 1700 310 1777 Quae
323 1701 553 1768 circumvolitas
568 1703 657 1789 agilis
671 1701 806 1788 thyma?
826 1723 891 1766 uon
905 1702 962 1768 tibi
976 1725 1109 1789 parvum

230 1810 407 1898 Ingenium,
419 1833 484 1876 non
498 1812 651 1878 incultum
662 1824 779 1880 estnec
794 1814 927 1898 turpiter
940 1813 1069 1878 hirtum.

231 1921 293 1986 Seu
307 1919 449 2008 linguam
463 1921 566 1988 causis
581 1922 677 2000 acuis,
693 1945 750 1988 seu
763 1922 861 1988 civica
869 1923 944 2009 jura

231 2029 436 2115 Respondete
449 2052 553 2118 paras,
568 2055 625 2098 seu
638 2033 748 2098 condis
762 2032 896 2098 amabile
910 2054 1057 2099 carmen:

154 2145 191 2204 33
232 2139 340 2204 Prima
353 2138 433 2205 seres
448 2139 575 2206 hederae
589 2143 723 2208 victricis
737 2141 885 2230 praemia:
908 2124 995 2228 quid
1009 2143 1037 2208 si

231 2249 360 2342 Frigida
374 2271 521 2314 curarum
535 2251 674 2318 fomenta
687 2253 865 2340 relinquere
878 2273 998 2338 posses,

233 2341 309 2435 Qu&
322 2372 354 2424 te
368 2359 503 2425 coelestis
518 2361 670 2446 sapientia
683 2361 822 2440 duceret,
837 2362 910 2428 ires.

235 2467 309 2532 Hoc
323 2491 416 2554 opus,
431 2468 492 2536 hoc
507 2469 645 2536 studium
659 2474 748 2556 parvi
762 2491 967 2556 properemus
981 2480 1014 2535 et
1027 2473 1134 2559 ampli,

234 2579 269 2644 Si
281 2578 393 2664 patriae
408 2578 561 2659 volumus,
577 2579 604 2644 si
618 2579 709 2644 nobis
724 2579 828 2646 vivere
843 2579 917 2644 cari.

150 2697 190 2754 30
232 2687 341 2754 Debes
354 2688 416 2753 hoc
430 2689 525 2754 etiam
538 2688 722 2767 rescribere,
738 2689 773 2755 Si
786 2689 843 2754 tibi
858 2711 955 2772 cmae,

236 2797 374 2874 Quantae
388 2798 562 2878 conveniat,
580 2799 745 2864 Munatius
753 2822 762 2876 ;
785 2821 826 2864 au
840 2786 921 2867 male
936 2813 1020 2868 sarta

233 2908 345 2973 Gratia
358 2907 566 2996 nequicquam
580 2908 654 2988 coit,
669 2921 701 2976 et
713 2909 926 2978 rescinditur?
947 2911 1002 2992 At,
1016 2935 1074 2978 vos

237 3018 302 3083 Seu
315 3017 434 3082 calidus
449 3018 585 3106 sanguis,
601 3041 656 3083 seu
671 3040 778 3084 rerum
792 3020 915 3085 inscitia
928 3034 1032 3101 vexat,

233 3110 393 3198 Indomitis
406 3127 526 3194 cervice
540 3127 633 3208 feros,
649 3129 828 3218 ubicunque
842 3129 985 3196 locortun

108 3315 138 3360 22
149 3328 192 3373 pro
203 3327 252 3367 nec,
263 3320 287 3362 et
297 3312 375 3360 Banu
384 3327 411 3360 er
420 3313 484 3360 codd.
579 3317 612 3362 30
629 3315 659 3362 sit
669 3315 708 3364 tibi
719 3316 787 3363 MS&
801 3317 885 3364 Luam
899 3319 969 3381 Cmq.
988 3320 1054 3368 Tor.
1068 3321 1096 3369 G.
1110 3337 1171 3372 curae
1182 3330 1217 3372 est
1227 3325 1287 3390 omj.

137 3379 215 3425 Berrtl.
288 3379 320 3424 82
336 3389 363 3424 ac
374 3393 416 3423 vos
427 3379 505 3425 naut.
516 3381 615 3428 escodcl.
688 3383 720 3428 88
738 3379 870 3428 Heu-heu
881 3383 950 3431 MSS.
965 3386 1034 3446 cusq.
1049 3387 1114 3433 Torr-
1127 3389 1179 3435 Sar.
1213 3399 1289 3440 versat

135 3444 169 3489 ed.
188 3443 244 3490 Vera.
253 3449 276 3488 et
286 3441 446 3489 Losclenbno.

138 3595 167 3640 te
184 3591 290 3652 naam,
306 3592 366 3640 bona
376 3593 443 3640 dante
454 3593 522 3644 initia.
740 3599 772 3644 22
789 3598 918 3656 Incultum,
927 3607 1023 3662 agreste,
1035 3600 1126 3658 hirtum,
1143 3617 1256 3666 asperum.

138 3659 167 3702 tt
181 3658 288 3712 Deswit,
301 3671 368 3712 sceva,
382 3658 486 3713 crudelia,
498 3657 572 3725 qualia
589 3659 612 3706 iu
630 3665 676 3707 tra·
740 3664 771 3707 28
789 3664 897 3710 &adium
916 3665 1037 3727 sapientiae,
1049 3667 1110 3728 quod
1120 3669 1217 3717 alienum
1229 3679 1290 3722 esta

107 3721 185 3784 goediis
196 3728 327 3776 tractantur,
336 3722 447 3769 describit.
709 3725 829 3786 eupiditate
851 3727 985 3785 dit‘itiamm,
1007 3737 1030 3777 et
1051 3731 1171 3782 honorum.
1202 3737 1298 3798 Prope„

137 3785 294 3846 Ampullutur,
300 3787 395 3833 bombos
405 3787 457 3842 edit,
469 3785 596 3846 ληινθῖζει.
613 3794 677 3836 Καιλ-
708 3805 791 3845 remus,
805 3791 853 3839 sine
863 3807 926 3840 mora
937 3795 1045 3842 colamus.
1077 3797 1163 3846 Actiro
1174 3815 1250 3848 sensu.

107 3846 207 3912 λίμαχις
237 3849 323 3897 mim
350 3849 464 3902 aasabim
491 3849 531 3902 abs
553 3849 679 3916 τραγῳδίαν
741 3856 773 3902 30
792 3857 962 3915 Curae,amori;
979 3875 1040 3908 curae
1051 3869 1104 3909 sunt
1111 3878 1163 3924 quae
1171 3880 1288 3915 amamusa

108 3914 176 3974 atqu.
204 3915 320 3978 Ampullis
330 3917 449 3963 verborum
459 3916 536 3971 utitur,
546 3917 634 3964 sublimi
645 3919 678 3965 di·
711 3921 859 3967 sumusenirn
871 3937 949 3970 eorum
962 3940 1050 3988 semper
1061 3942 1181 3976 memores.

108 3980 170 4026 modi
179 3983 271 4042 genam
283 3987 310 4028 ut
322 3995 359 4028 ars
369 3981 474 4043 postulat,
487 3981 565 4029 utitur.
746 3986 800 4032 'lua
810 4001 867 4033 cruc
875 3989 1001 4048 palumbes
1033 3989 1152 4054 Vrrgssius.

140 4047 170 4092 17
187 4047 264 4092 cm
281 4046 322 4092 sabi
337 4047 364 4093 in
382 4046 507 4092 bibliothec
523 4053 624 4094 stantum
635 4061 678 4110 po·
742 4051 773 4096 31
792 4051 856 4096 Male
869 4060 947 4099 sarta:
966 4053 1103 4117 Metapbora
1113 4072 1127 4104 a
1137 4073 1163 4104 rc
1177 4057 1289 4110 vastaris.

109 4117 181 4156 aemi
191 4111 223 4155 ad
231 4111 491 4158 tatitumuerturumm
498 4111 616 4171 Apstine.
743 4117 774 4161 32
793 4116 856 4162 Coire
869 4117 958 4181 proprie
969 4118 1074 4166 dicuntur
1084 4121 1184 4180 vulnera,
1202 4131 1225 4172 et
1235 4142 1288 4174 raa·

141 4178 169 4220 19
187 4175 463 4236 Constettluporu'turpro
472 4177 575 4236 graculo.
711 4179 768 4226 tium
780 4187 873 4228 suturae.

137 4242 169 4284 2⁰
183 4240 304 4294 Color-ibat,
327 4240 407 4300 qtubua
427 4255 451 4286 se
474 4240 538 4303 pingi
562 4242 681 4302 gaudebat.
744 4247 776 4291 33
799 4245 873 4300 Vexat,
891 4247 967 4309 agitat,
985 4247 1118 4296 infusorem
1129 4251 1185 4313 agit.

60 4312 66 4326 ·
138 4307 168 4350 21-
185 4305 265 4364 Agita,
277 4312 383 4366 tanquam
395 4305 472 4354 setun
482 4306 537 4370 apis.
562 4305 622 4354 Vide
634 4307 678 4355 Od.
745 4311 777 4356 34
795 4308 919 4374 Comparat
929 4328 980 4359 cum
986 4313 1093 4374 juvencis
1104 4315 1176 4365 eidem
1184 4319 1244 4385 Jugo
1255 4321 1288 4371 al-

113 4369 132 4414 l.
144 4372 166 4418 2.
177 4371 218 4416 27.
712 4373 793 4436 figatis,
805 4375 866 4438 quod
878 4391 922 4424 una
932 4375 990 4424 ferre
1002 4385 1112 4428 recusent
