2972 5020
219 316 281 376 696
569 300 611 376 Q·
639 298 845 366 HORATII
868 297 1039 368 FLACCI

322 453 472 542 “Praedia
486 473 605 550 cesar,
628 492 669 536 an
683 483 731 536 est
747 457 826 536 Itala
838 470 949 536 tellure
963 435 1117 536 daturus'l

111 596 224 659 stela.
344 587 508 651 Jurantem
522 605 573 646 me
587 581 667 646 scire
681 580 760 643 nihil
774 580 928 644 mirantur
942 590 978 643 ut
991 599 1091 642 unum
1187 607 1190 613 ·

351 693 476 760 Scilicet
490 673 609 778 egr'egii
623 671 787 756 mortalem
802 689 921 775 altique
932 685 1046 754 silenti.

347 803 495 869 Perditur
509 802 578 865 haec
592 803 673 865 inter
687 801 801 865 misero
815 799 881 878 lux,
898 821 963 864 non
978 799 1045 864 siue
1060 799 1158 862 votis:

261 925 304 980 60
347 913 379 978 O
393 935 457 990 rus,
473 910 600 998 quando
614 933 674 997 ego
688 923 719 975 te
733 908 905 995 aspiciam?
925 909 1114 996 qpandoque
1128 908 1244 984 licebit,

346 1023 442 1088 Nunc
457 1033 596 1085 veterum
609 1019 708 1098 libris,
724 1041 809 1083 nunc
824 1028 935 1082 somno
950 1031 982 1083 et
996 1019 1148 1084 inertibus
1163 1018 1262 1094 boris,

346 1133 474 1198 Ducere
489 1130 617 1194 solicitae
626 1129 768 1215 jucunda
782 1128 897 1194 oblivia
910 1127 1007 1192 vitae?

347 1242 379 1307 O
393 1240 534 1355 quando
532 1240 604 1304 faba
620 1239 809 1325 Pythagorae
823 1250 966 1323 cognata,
982 1237 1136 1324 simulque

349 1351 456 1447 Uncta
470 1326 544 1415 satis
558 1350 671 1436 pingui
682 1363 840 1434 ponentur
854 1347 994 1412 oluscula
1009 1347 1124 1429 lardo?

262 1471 303 1528 65
349 1462 380 1527 Ο
395 1443 502 1524 noctes
517 1481 678 1547 coenaeque
692 1457 818 1524 Derim!
843 1458 979 1545 quibus
970 1464 1038 1544 rps'e
1051 1459 1185 1545 meique,

349 1572 434 1636 Ante
448 1569 546 1634 larem
560 1569 724 1655 proprium
738 1577 864 1646 vescor,
873 1590 1045 1654 vernasque
1060 1589 1209 1653 procaces

346 1681 448 1745 Pasco
461 1679 565 1743 libatis
579 1679 722 1764 dapibus.
766 1679 868 1743 Prou't
880 1678 993 1764 cuique
1006 1677 1104 1741 libido
1118 1689 1175 1754 est,
1269 1679 1272 1686 '

349 1791 452 1855 Siccat
465 1788 634 1875 inaequales
650 1787 761 1852 calices
776 1787 906 1851 conviva
921 1788 1040 1852 solutus
1112 1793 1115 1798 “

348 1898 487 1985 Legibus
501 1897 638 1974 insanis;
660 1919 715 1960 seu
723 1896 799 1981 ‘quis
814 1897 897 1981 c'apit
910 1897 995 1960 acria
1008 1896 1096 1962 fortis

265 2017 305 2079 70
350 2007 480 2085 Pocula,
496 2029 551 2070 seu
565 2005 696 2070 modicis
711 2007 830 2070 uvescit
842 1993 954 2072 loetius
999 1993 1087 2094 Ergo

350 2120 461 2184 Sermo
475 2117 584 2194 oritur,
600 2138 663 2180 nou
679 2116 719 2180 de
734 2117 813 2180 villis
826 2116 1011 2181 domibusve
1025 2117 1168 2223 alienis,

350 2229 428 2306 Nec,
444 2211 525 2291 male
539 2249 638 2291 necne
654 2226 760 2312 Lepos
775 2226 883 2303 saltet3
906 2227 962 2291 sed
977 2227 1062 2314 quod
1077 2228 1176 2354 magis
1190 2229 1232 2292 ad
1246 2252 1305 2295 uos

348 2337 498 2414 Pertinet,
514 2347 546 2401 et
560 2335 679 2400 nescire
694 2335 811 2400 malum
826 2348 883 2412 est,
900 2336 1071 2420 agitamus3
1094 2313 1242 2402 utrdmne

348 2446 475 2512 Divitiis
490 2444 643 2522 homines,
658 2465 700 2508 an
715 2445 777 2508 sint
790 2444 904 2508 virtute
918 2444 1025 2509 beati?

265 2563 304 2624 75
349 2554 476 2632 Quidve
490 2553 533 2618 ad
546 2553 707 2646 amicitias,
723 2577 809 2633 usus,
825 2532 997 2631 rectvimne,
1012 2554 1117 2619 trahat
1130 2555 1214 2619 uos?

351 2665 395 2730 Et
408 2687 479 2751 quae
492 2664 533 2728 sit
546 2677 658 2728 natura
672 2662 773 2727 boni?
794 2685 1014 2749 summumque
1028 2664 1104 2749 quid
1119 2664 1211 2750 ejus?

212 2839 218 2850 „
351 2774 483 2838 Cervius
497 2772 589 2836 haec
581 2785 662 2837 mter
675 2771 795 2835 vicinus
809 2773 908 2858 garrit
921 2773 1018 2837 aniles

244 2911 246 2916 ’
349 2884 402 2948 Ex
416 2906 450 2947 re
463 2882 601 2946 fabellas
646 2881 680 2945 Si
695 2881 850 2976 quisnam
866 2881 972 2946 laudat
987 2882 1088 2947 Arelli

103 3003 229 3066 (erman
349 2992 515 3058 Solicitas
506 3012 633 3077 ignarus
649 3012 737 3075 opes,
754 2990 798 3054 sic
811 2989 939 3076 incipit·
962 2999 985 3068 ql
1002 2993 1088 3057 Olim

265 3114 305 3169 80
319 3078 498 3166 “Rusticus
512 3100 668 3164 urbanum
682 3121 803 3164 murem
817 3123 887 3164 mus
901 3125 1039 3186 paupere
1053 3103 1152 3168 fertur

322 3187 517 3297 “Accepisse
531 3233 617 3288 cavo,
633 3225 769 3274 veterem
783 3223 871 3275 vetus
885 3211 999 3296 hospes
1014 3213 1166 3289 amicum,

322 3303 337 3338 “
350 3321 464 3406 Asper,
480 3332 512 3384 et
526 3331 661 3384 attentus
677 3319 825 3406 quaesitis,
840 3331 876 3384 ut
889 3332 993 3386 tamen
1008 3333 1130 3387 arctum

222 3535 254 3584 st
270 3531 600 3582 piamecclesiam.
647 3535 680 3580 66
696 3525 904 3594 prouinciarum,
916 3498 1064 3582 umentia
1077 3551 1124 3585 uno
1135 3535 1188 3584 MS.
1244 3541 1276 3586 to
1287 3539 1400 3591 humescit

253 3596 541 3712 ,ἓξέωῗῑαῗξεῃώίῷᾱ
554 3597 618 3645 Gur.
633 3593 708 3644 Vocet.
761 3598 1054 3647 77vicinosMS.Bersm.
1121 3605 1153 3649 78
1168 3603 1251 3651 namsi
1261 3606 1312 3667 quis
1322 3607 1400 3656 laudat

254 3805 286 3852 57
309 3804 506 3862 Uaumunicum.
856 3809 888 3853 67
904 3804 1143 3869 Εῶαιιιιάιειιιιαιίι,
1152 3810 1278 3860 diminuetis.

254 3872 286 3916 58
303 3871 394 3925 Seib'cet,
405 3871 476 3932 plane,
488 3884 529 3931 pro
540 3876 609 3917 certo.
855 3873 888 3916 73
904 3871 1034 3929 Agitamus,
1044 3874 1197 3935 dispuivimma

254 3937 286 3981 62
302 3935 396 3982 Ducere
418 3935 501 3990 oblwia,
524 3940 627 3995 tanquam
648 3933 730 3981 haustu
746 3931 792 3980 Le-
855 3937 887 3980 75
909 3936 975 3991 Usus,
986 3937 1085 3992 ιιιιῖἰιαιι
1101 3947 1196 3996 rectum
1207 3943 1317 3989 bum.

223 3999 291 4046 thaeo.
855 4001 888 4044 ’76
905 4001 1006 4055 Notum,
1015 4001 1132 4076 Dgtuitio

253 4065 285 4109 65
301 4059 397 4116 Dedan,¹
392 4062 525 4124 ·Numqtoe
541 4063 591 4109 deos
606 4063 673 4109 didici
687 4077 792 4110 secutum
855 4065 885 4108 ²7?
907 4063 1151 4126 Gamreestjucunde
1160 4083 1264 4118 mmm.

221 4141 379 4185 ugereoeaum.
825 4135 826 4138 ’
855 4129 887 4174 ’78
904 4128 942 4174 Ec
962 4143 1002 4184 re,·
1026 4131 1057 4174 ad
1077 4134 1202 4192 exemplum
1223 4135 1256 4180 rei
1279 4137 1399 4196 ριιιροιιῖιε

254 4193 286 4236 66
302 4192 365 4238 Ante
374 4191 452 4248 Ιιινειιι,
463 4191 539 4239 focum
551 4190 646 4238 seilicet.
666 4207 717 4239 uam
728 4189 792 4238 focus
818 4193 962 4252 pertinentes·

222 4268 260 4301 ara
271 4263 309 4302 est
315 4255 407 4305 huam,
855 4258 888 4301 82
904 4256 978 4317 Asper
978 4235 1204 4312 ,alienusadeliciis

255 4319 688 4384 Ptucaces,q1ucocfideruerloquumur
693 4329 715 4368 et
722 4321 793 4369 libera.
844 4320 971 4378 Acamas,
982 4322 1101 4372 admodum
1110 4333 1188 4374 cautus
1200 4325 1260 4376 circa
1269 4335 1366 4376 sumtus.
