2954 5022
381 332 728 417 nersromauiu
750 348 825 414 aa.
849 349 876 415 1.
901 359 950 415 ιι.

114 517 152 586 ab
195 521 358 586 Libertate
372 533 468 601 caret,
484 523 648 587 dominum
663 523 756 588 vehet
769 520 942 608 improbus,
957 531 1051 610 atque

197 631 319 696 Serviet
335 643 499 710 aeternum‚
516 633 591 718 quia
606 635 704 718 parvo
718 633 836 698 nesciet
850 629 905 695 uti.

198 741 261 806 Cui
274 764 339 806 non
355 744 519 808 conveniet
534 763 590 806 sua
604 765 664 820 res,
681 756 716 807 ut
730 742 852 807 calceus
867 739 952 818 olim,

201 851 238 914 Si
250 850 331 934 pede
346 851 447 937 major
461 852 529 929 erit,
546 851 722 929 subvertet3
745 852 772 915 si
787 851 901 928 minor,
917 863 995 916 uret.

200 961 311 1026 Laetus
325 973 409 1025 sorte
423 943 481 1025 tud
492 962 576 1026 vives
592 961 758 1046 sapienter,
775 959 892 1037 Aristi;

117 1080 156 1136 45
202 1072 270 1135 Nec
284 1094 336 1136 me
350 1071 487 1136 dimittes
503 1071 731 1158 incastigatum,
748 1070 802 1134 ubi
816 1070 909 1155 plura

203 1181 327 1266 Cogere
341 1203 436 1268 quam
451 1157 525 1246 satis
539 1192 596 1259 est,
613 1203 649 1245 ae
663 1183 728 1244 nob
743 1197 865 1245 cessare
879 1176 1031 1244 videborae

206 1290 346 1374 Imperat
360 1303 414 1354 sut
428 1290 522 1354 servit
535 1290 667 1354 collecta
681 1290 815 1375 pecunia
829 1289 951 1380 cuique,

203 1399 338 1463 Tortum
354 1399 451 1485 digna
465 1400 552 1486 sequi
567 1400 672 1484 potius
688 1411 780 1487 quam
796 1400 912 1463 ducere
925 1397 1043 1463 funem

205 1509 288 1572 Haec
302 1508 359 1573 tibi
374 1508 530 1573 dietab'am
544 1522 617 1594 post
631 1509 737 1575 fanum
752 1507 844 1595 putre
859 1509 1011 1586 Vacunae,

121 1627 159 1683 50
204 1613 348 1703 Exeepto
364 1597 450 1706 quiid
463 1639 528 1682 non
544 1618 637 1682 simul
652 1641 745 1696 esses,
762 1622 875 1683 caetera
889 1618 990 1682 laetus.

173 1755 206 1800 40
222 1755 283 1802 vehit
292 1769 329 1800 sea
338 1756 400 1802 editt.
410 1755 473 1815 iqn'td
486 1757 547 1803 Cun.
559 1757 691 1803 eruente
702 1751 764 1804 codd.
828 1757 857 1802 tr
877 1755 962 1802 nesciat
972 1755 1054 1803 Lootb.
1064 1770 1090 1802 eo
1099 1759 1163 1805 codd.

588 1955 750 1986 Q

465 2114 757 2199 EPISTOLA
790 2117 871 2200 XI.

527 2315 577 2362 ao
595 2285 814 2362 BULLATIU'M.

89 2469 163 2516 Asiati
178 2471 334 2530 aegnbidinem
349 2470 565 2530 peregrinationibus
583 2485 630 2516 nort
645 2470 720 2516 levati.
746 2469 776 2517 B.
805 2469 918 2518 Bullatius
929 2471 966 2518 vel
977 2472 1006 2518 ob
1017 2484 1079 2534 spem
1090 2473 1193 2536 aliquam,
1209 2491 1262 2538 ‚quae

116 2531 218 2582 frustrata
228 2543 280 2588 erat,
297 2535 334 2581 vel
345 2533 558 2588 obinoommodum,
575 2550 619 2594 quo
635 2533 728 2580 affectus
743 2545 797 2590 erat,
813 2537 850 2582 vel
862 2537 891 2592 ob
903 2537 970 2583 animi
985 2538 1145 2593 morositatem,
1162 2539 1260 2588 Romam

117 2599 236 2662 relinquere
251 2607 274 2646 et
288 2600 312 2645 in
328 2599 403 2662 aliquo
420 2599 518 2654 Graeeiae
531 2605 571 2646 aut
591 2598 653 2646 Asiae
669 2599 721 2645 loco
737 2600 815 2646 vivere
832 2601 936 2648 statuisse
953 2601 1048 2650 videtur.
1080 2602 1118 2648 Ab
1132 2605 1175 2650 hoe
1191 2605 1262 2668 igitur

118 2664 206 2711 oonsilio
222 2665 317 2710 amicum
333 2679 427 2711 avocare
443 2672 537 2710 conatur
549 2661 651 2718 Flaccus,
668 2663 758 2719 docens,
775 2666 803 2711 ad
816 2665 873 2712 bene
884 2673 907 2712 et
917 2667 982 2712 beate
992 2666 1114 2714 vivendum
1128 2683 1174 2715 non
1185 2669 1261 2717 locum

118 2725 192 2783 iacere,
205 2729 243 2775 sed
253 2730 355 2776 animum¹
364 2743 461 2790 aequum,
474 2729 583 2775 rationem
594 2738 617 2774 et
627 2729 776 2791 prudentiam.

210 2878 304 2954 Qum
319 2876 376 2943 tibi
390 2879 457 2943 visa
473 2879 581 2957 Chios,
599 2877 731 2968 Baliari,
743 2889 881 2965 notaque
897 2878 1043 2946 Lesbos?
1135 2905 1137 2908 ·

214 2988 301 3065 Quid
315 2987 471 3052 concinna
487 2987 623 3054 Samos?
644 2987 720 3074 quid
738 2989 840 3053 Croesi
854 2990 941 3076 regia
958 2989 1090 3055 Sardis?

138 3091 142 3100 ¹
211 3101 346 3184 Smyrna
361 3099 447 3185 quid,
463 3111 496 3167 et
511 3097 704 3184 Colophon?
725 3099 844 3184 majora
858 3081 1018 3166 minorive
1030 3079 1137 3168 fami?
1224 3111 1226 3116 '

215 3183 379 3275 Cunotlane
393 3231 462 3294 prae
479 3209 602 3294 Campo
616 3223 648 3274 et
663 3203 817 3274 Tiberino
830 3189 959 3274 flumine
974 3209 1126 3278 sordem?

149 3330 167 3386 5
212 3321 265 3384 An
280 3319 412 3382 venitin
427 3331 535 3382 votum
552 3318 695 3384 Attalicis
710 3341 751 3383 ex
766 3317 897 3382 urbibus
911 3312 998 3384 una?

211 3432 265 3495 An
281 3423 447 3494 Lebedum
461 3429 581 3522 laudae,
598 3428 672 3492 odio
687 3429 782 3494 maris
796 3441 890 3516 atque
904 3429 1050 3496 viarum?

96 3626 109 3670 8
122 3626 233 3677 minorans
243 3629 304 3690 νπὶὲ.
313 3637 334 3676 et
345 3630 423 3677 Betui.
519 3631 534 3676 t
552 3629 670 3742 Cegrpntqne
677 3628 838 3740 ffmtprimae
848 3629 910 3676 edite.
1004 3631 1021 3675 7
1038 3627 1143 3679 Lebedus
1158 3641 1225 3694 quam
1235 3635 1270 3682 'tit

628 3710 677 3741 nse
725 3708 750 3740 ve
769 3725 776 3738 ·

122 3869 148 3916 n
170 3870 224 3926 Uti,¹
243 3873 363 3916 contentus
373 3867 426 3916 frui.
726 3863 758 3916 49
774 3869 913 3926 Dictobom3
929 3886 1000 3932 puero
1010 3885 1062 3918 meo
1073 3874 1211 3922 amanuensi.

123 3934 149 3980 ta
165 3933 223 3983 Non
240 3935 354 4003 consepelit
369 3931 412 3980 iria
427 3949 468 3988 res,
487 3935 505 3980 si
520 3933 548 3981 ob
565 3947 612 3981 rem
628 3940 662 3981 te-
732 3933 826 3980 vaona
837 3936 863 3981 in
874 3935 961 3982 Sabinis
970 3938 1018 3990 dea,
1030 3951 1083 3998 quoe
1092 3938 1134 3985 ath
1143 3940 1229 3986 trunio
1239 3948 1272 3988 ex

99 4009 153 4045 suem
169 4007 192 4048 et
208 4006 336 4061 angustam,
354 4013 405 4061 quae
422 3999 517 4054 videtur,
534 3999 663 4056 dolet5'ob
693 3999 763 4058 qrecie
769 3991 884 4062 yornwta.
1061 4012 1064 4016 ·

94 4064 180 4124 mplam
195 4080 252 4112 vero
267 4057 372 4126 superbit,
388 4063 453 4110 l'uxui
469 4071 492 4110 et
507 4059 663 4128 cupiditatibus
959 4110 962 4116 ,
1030 4105 1033 4113 ,

97 4123 193 4192 indulget.
453 4147 455 4152 ’
896 4127 1003 4176 EPIST.
1023 4128 1071 4176 XI.

124 4193 150 4240 43
170 4195 233 4250 Uret,
244 4193 337 4240 v‘exab'it
346 4193 476 4260 premendo.
730 4195 740 4239 l
762 4192 844 4246 Quid?
874 4184 954 4248 Quaiis
973 4200 998 4239 et
1015 4193 1107 4247 Quanta
1122 4193 1176 4241 rea?
1262 4219 1266 4230 ·

124 4257 150 4303 46
168 4259 255 4318 Cogere,
279 4263 327 4304 rein
350 4272 457 4319 quaerere,
482 4257 569 4304 divitias
589 4273 665 4305 curra·
729 4257 963 4314 Mancinumbella.
1065 4305 1067 4308 ,
1181 4303 1183 4308 .

99 4317 146 4369 iere.
178 4325 276 4378 Cessare,
304 4321 337 4368 rei
364 4322 492 4384 quaerendae
521 4319 613 4370 modum
642 4331 664 4369 et
729 4324 753 4379 5Ὶ
767 4323 835 4377 Uaa5
855 4322 986 4384 Pergamus,
995 4323 1036 4374 ,vel
1045 4323 1148 4433 quaedam
1160 4325 1211 4385 alia.
1239 4325 1273 4376 Ut

100 4381 251 4444 tremiscere.
697 4386 825 4448 Apollonia,
848 4386 963 4448 Thyatira,
985 4387 1045 4448 Mys
1062 4402 1095 4440 us,
1113 4387 1208 4438 Tralles.

125 4452 151 4498 li
167 4453 221 4500 Hoc
232 4460 274 4507 est,
289 4451 307 4497 si
320 4467 365 4498 nou
378 4451 453 4505 servit,
466 4451 566 4514 imperat.
730 4453 744 4498 6
765 4453 818 4499 (idio
826 4467 835 4508 ;
852 4452 946 4506 fastidio,
960 4452 997 4498 vel
1008 4449 1099 4499 immani
1111 4454 1185 4502 tedio.
