2972 5020
201 268 264 388 all
557 322 600 398 Q.
623 321 831 388 HORATII
854 318 1025 388 FLACCI

330 493 473 560 Evandri
485 494 630 560 manibus
644 495 753 560 tritum
767 494 899 581 dejecit3
921 492 964 558 ob
978 493 1060 557 hanc
1073 513 1153 572 rem,

329 609 396 670 Aut
410 606 547 691 positum
561 591 635 671 ante
648 585 718 670 mcii
731 606 806 693 quia
819 605 941 690 pullum
955 603 989 666 in
1002 613 1092 688 parte
1106 599 1202 666 catini

331 716 464 781 Sustulit
477 719 627 794 esuriens,
642 697 745 780 minus
760 716 821 779 hoc
829 712 990 801 jucundus
1004 712 1123 776 amicus

330 827 379 890 Sit
389 827 490 892 mihi?
512 827 600 905 Quid
615 827 736 906 faciam,
753 826 779 890 si
793 825 913 890 furtum
928 823 1060 890 fecerit?
1082 833 1136 886 aut
1150 819 1178 884 si

331 936 510 1003 Prodiderit
523 937 690 1004 commissa
703 935 790 1002 fide?
811 958 999 1022 sponsumve
1013 915 1161 1019 neg'irit?

330 1046 429 1123 Queis
444 1049 532 1134 paria
546 1071 614 1114 esse
627 1027 693 1112 feri
707 1047 824 1132 placuit
838 1059 975 1132 peccata,
991 1045 1145 1119 laborant,

329 1136 412 1222 clm
426 1171 555 1223 ventum
568 1159 610 1222 ad
624 1179 734 1223 verum
748 1169 814 1222 est:
838 1180 947 1222 sensus
963 1175 1129 1240 moresque
1143 1163 1350 1243 repugnant,

329 1265 436 1354 Atque
450 1269 519 1354 ipsa
533 1269 659 1347 utilitas,
670 1269 748 1354 justi
762 1291 862 1353 prope
877 1279 976 1332 mater
991 1254 1023 1332 et
1036 1264 1128 1352 aequi.

329 1358 412 1440 Crim
426 1391 653 1464 prorepserunt
666 1378 776 1464 primis
790 1378 937 1444 animalia
949 1377 1052 1456 terris,

328 1487 459 1552 Mutum
473 1501 505 1554 et
519 1501 612 1574 turpe
624 1512 731 1575 pecus,
746 1481 894 1576 glandem
909 1501 1003 1576 atque
1017 1489 1131 1554 cubilia
1144 1496 1277 1573 propter

264 1657 269 1670 ,
329 1596 499 1685 Unguibus
513 1611 546 1664 et
558 1600 684 1686 pugnis,
700 1599 773 1663 dein
787 1599 931 1677 fustibus,
947 1611 1041 1686 atque
1055 1600 1099 1664 ita
1112 1589 1211 1684 porro

330 1708 519 1794 Pugnabant
532 1710 636 1787 armis,
652 1731 724 1794 qnae
737 1721 810 1794 post
823 1708 1028 1774 fabricaverat
1041 1731 1114 1774 usus
1125 1732 1134 1784 3

328 1817 442 1882 Donec
457 1819 562 1896 verba,
577 1819 691 1906 quibus
706 1842 797 1884 voces
813 1839 984 1906 sensusque
998 1830 1154 1896 notarent,

329 1927 529 2015 Nominaque
543 1915 707 1994 invenire:
732 1929 847 1994 dehinc
860 1929 1010 1994 absistere
1023 1928 1118 2008 bello,

330 2037 459 2123 Oppida
473 2019 636 2124 coepbrunt
649 2040 782 2118 munire,
799 2052 831 2103 et
844 2061 963 2124 ponere
977 2039 1073 2126 leges,

328 2147 380 2213 Ne
393 2149 464 2236 quis
477 2149 529 2214 fur
542 2160 633 2227 esset,
649 2171 711 2214 neu
725 2149 815 2228 latro,
831 2172 894 2214 neu
909 2149 978 2237 quis
992 2149 1125 2214 adulter.

328 2258 414 2322 Nam
428 2259 486 2324 fuit
499 2271 572 2324 ante
589 2258 749 2324 Helenam
764 2282 885 2324 cunnus
899 2260 1059 2324 teterrima
1072 2258 1147 2324 belli

330 2368 452 2435 Causa:
475 2369 531 2434 sed
546 2370 660 2455 ignotis
675 2352 837 2454 periirunt
850 2370 1003 2434 mortibus
1017 2370 1073 2450 illi,

330 2477 421 2554 Quos
437 2479 595 2546 Venerem
608 2479 760 2545 incertam
774 2479 930 2566 rapientes
944 2502 1033 2545 more
1046 2479 1183 2544 ferarum

288 2601 292 2606 '
328 2585 458 2654 Viribus
472 2589 586 2653 editior
592 2589 750 2668 caedebat,
765 2589 847 2654 utin
861 2613 958 2678 grege
972 2602 1091 2654 taurus.
1163 2597 1165 2604 '

328 2697 408 2763 Jura
421 2698 547 2762 inventa
561 2709 646 2763 metu
660 2699 768 2784 injusti
782 2700 897 2765 fateare
912 2723 1038 2765 necesse
1053 2710 1111 2778 est,

328 2807 490 2893 Tempora
503 2807 530 2872 si
543 2807 702 2896 fastosque
717 2809 791 2874 velis
806 2810 948 2874 evolvere
962 2809 1081 2873 mundi.

329 2915 399 2982 Nec
411 2930 525 2982 natura
538 2930 642 3004 potest
650 2920 738 3005 justo
753 2942 914 2985 secernere
928 2921 1081 3008 iniquum,

647 3130 677 3177 91
695 3133 780 3176 tortum
788 3125 850 3190 'corp
860 3127 938 3174 Bentl.

233 3319 263 3364 91
284 3317 330 3371 Qut
340 3319 367 3364 de
373 3318 476 3380 persnas
487 3316 621 3365 Horatianis
631 3317 774 3380 seripserunt,
839 3317 923 3364 &aaa
941 3331 1062 3378 moresque,
1077 3318 1100 3364 h.
1109 3331 1129 3364 e.
1147 3324 1171 3364 et
1188 3319 1317 3367 eommunis
1335 3335 1394 3369 sen-

200 3383 267 3430 oiunt
285 3383 424 3432 Evandrum
438 3385 500 3431 bunc
514 3383 639 3430 cautorem
653 3390 675 3430 et
687 3383 777 3443 pbstea
809 3396 848 3428 sus
859 3388 883 3428 et
893 3382 959 3443 patrii
970 3396 1053 3429 mores.

199 3454 335 3503 aucarum,
352 3463 421 3510 quem
437 3449 474 3497 M.
489 3448 619 3494 Antonium
637 3447 666 3493 ab
682 3447 778 3494 Aetate
842 3449 873 3494 98
891 3445 1054 3508 Interjustem
1064 3455 1086 3494 et
1096 3463 1190 3509 mum
1200 3450 1248 3497 hoec
1258 3450 1394 3516 afferentia

200 3513 365 3560 Alexandnbm
376 3514 520 3567 mensumn,
538 3513 591 3559 inde
608 3513 779 3573 interceptione
810 3519 859 3558 est.-
880 3511 975 3572 jaiacum
1001 3519 1033 3558 ert
1055 3515 1116 3574 quod
1136 3528 1162 3560 ea
1185 3515 1231 3576 lege
1258 3517 1392 3570 deremdim

200 3579 302 3624 Romam
320 3580 466 3640 perductum,
488 3579 562 3626 mula
581 3593 647 3639 rpem
668 3577 782 3625 menualia,
810 3592 904 3638 aequum
915 3591 971 3632 uero,
984 3579 1186 3639 qrwdernomru.

192 3641 283 3705 ficisse.
844 3645 889 3688 102
912 3643 977 3696 Usus,
990 3643 1132 3704 experientia.

237 3707 344 3762 Tritum
366 3709 414 3756 Hic
428 3709 504 3756 olunt
517 3709 548 3754 aet
561 3708 654 3768 aaronem
670 3707 776 3763 materiei,
844 3709 890 3753 103
907 3706 1042 3754 Aristoteles
1059 3708 1113 3754 duas
1129 3708 1183 3755 facit
1200 3707 1316 3756 Orationis
1333 3725 1390 3774 par-

201 3771 277 3819 dicena
287 3773 402 3836 oasfictile
413 3773 605 3837 caelatumfm'asa.
809 3777 849 3826 tes,
862 3770 938 3818 Verba
948 3773 1032 3819 scilicet
1042 3779 1109 3834 atque
1120 3772 1227 3820 Nomina.

233 3839 263 3883 95
282 3838 341 3884 Fide
351 3838 418 3885 tertio
434 3853 487 3886 casu
505 3854 546 3901 pro
554 3838 621 3903 fidei.
653 3837 776 3885 commuto
808 3899 823 3947 d
847 3837 912 3883 Voces
920 3844 943 3883 et
952 3851 1037 3894 senno,
1047 3845 1126 3885 notent
1137 3839 1226 3901 scripta.
1248 3837 1308 3901 Agit
1315 3838 1390 3902 igitur

256 3903 406 3951 arcanadicit.
824 3901 924 3948 eliteris.

192 3902 347 4028 fidilianmm
363 3976 502 4016 contractum
520 3973 543 4014 et
559 3966 717 4030 obbgationem
737 3981 776 4012 su·
844 3967 888 4012 loe
905 3967 992 4026 Ignaris
1001 3967 1115 4022 mortibus,
1124 3967 1176 4030 quia
1186 3966 1284 4016 nonfuit
1294 3965 1388 4016 Home-

201 4045 246 4079 am.
809 4045 853 4085 rua,
866 4031 904 4092 qui
915 4032 1014 4078 carmine
1024 4032 1073 4079 illas
1085 4032 1213 4080 celebraret.

207 4093 210 4096 ’
233 4099 265 4143 97
288 4097 372 4145 Verum
382 4097 435 4144 dicit
445 4097 516 4161 ipsam
528 4111 582 4151 rem,
599 4096 654 4151 sive,
667 4102 693 4142 ut
704 4095 775 4158 vulgo
843 4099 889 4142 109
905 4097 1029 4151 Incertum,
1042 4099 1064 4144 h.
1074 4113 1094 4144 e.
1106 4113 1196 4160 vagam.

201 4159 302 4222 dicimus,
314 4162 397 4222 nudam
407 4163 531 4221 veritatem,
544 4177 584 4212 seu
595 4161 718 4226 simplicem
735 4175 775 4210 ua-
807 4163 885 4274 &111
904 4161 999 4208 Necem
1009 4169 1056 4218 αις
1071 4162 1104 4210 ita
1115 4177 1176 4226 saepe
1191 4161 1314 4212 Lucretius
1324 4165 1387 4216 clau-

201 4229 283 4272 turam.
572 4231 574 4235 '
823 4225 841 4272 't
850 4240 949 4273 versum.

841 4293 888 4340 112
909 4293 1019 4354 Tempora
1027 4292 1230 4358 elsastosannales
1240 4292 1303 4344 dicit.
