2964 5022
557 327 598 404 Q.
623 267 829 393 Hortum
853 322 1024 394 FLAucr

327 500 512 566 Dormirem
526 512 558 568 et
571 501 669 579 ursis3
692 512 727 566 ut
740 501 900 586 premerer
914 521 1003 566 secra

369 610 540 697 Lauroque
554 609 728 698 collataque
741 623 856 697 myrto,

243 729 284 787 20
413 720 489 785 Non
503 720 570 786 sine
584 721 646 787 Dls
661 715 820 787 animosus
834 720 945 784 infans.

327 831 450 909 Vester,
467 831 640 910 Cumoenae,
655 843 758 896 vester
770 831 803 894 iu
817 829 934 895 arduos

326 939 439 1005 Tollor
455 940 588 1006 Sabinos
598 963 607 1018 3
629 962 686 1006 eeu
699 940 777 1005 mihi
790 939 940 1027 frigidum

371 1049 542 1128 Proeneste‚
558 1071 614 1115 seu
628 1049 732 1114 Tibur
746 1051 904 1135 supinum,

411 1159 475 1225 Seu
488 1158 617 1247 liquidae
630 1158 777 1245 placuere
793 1159 890 1226 Buiae.

239 1277 280 1334 25
324 1269 445 1336 Vestris
459 1269 595 1335 amicum
608 1269 746 1335 fontibus
760 1282 792 1334 et
806 1268 920 1347 choris,

325 1379 400 1444 Non
414 1402 466 1445 me
481 1380 636 1466 Philippis
650 1402 740 1445 verse
754 1379 836 1444 acies
850 1391 945 1456 retro,

365 1490 493 1556 Devotu
505 1512 571 1555 non
585 1489 736 1555 exstinxit
749 1489 854 1567 arbor,

407 1601 477 1666 Nec
494 1601 600 1666 Sicula
614 1599 782 1666 Palinurus
797 1597 892 1662 unde.

324 1709 495 1798 Utcunque
508 1731 633 1776 mecum
648 1731 703 1773 vos
717 1706 813 1786 eritis,
828 1707 930 1772 libens

238 1829 280 1886 30
323 1821 537 1886 Insunientem
550 1819 655 1884 navita
670 1818 850 1904 Bosporum

366 1930 523 2009 Tentabo,
539 1941 570 1996 et
584 1939 707 1994 arentes
722 1949 833 1992 arenas

409 2041 540 2106 Litteris
556 2039 679 2126 Assyrii
693 2037 792 2103 viator
805 2062 819 2102 :-

323 2149 432 2214 Visam
448 2150 619 2216 Britannos
633 2148 809 2234 hospitibus
822 2150 915 2229 feros,

322 2259 367 2325 Et
379 2259 488 2325 laetum
502 2259 618 2346 equino
633 2259 785 2347 sanguine
802 2260 987 2326 Concanum

238 2378 278 2434 35
364 2369 474 2433 Visam
487 2369 684 2455 pharetratos
701 2370 843 2436 Gelonos

409 2478 453 2546 Et
468 2479 650 2566 Scythicum
665 2479 830 2545 inviolatus
844 2501 978 2544 amnem.

319 2591 387 2655 Vos
403 2591 563 2656 Coesurem
576 2591 685 2671 ultum,
700 2590 811 2655 militia
824 2589 918 2688 siprul

320 2701 431 2766 Fessus
445 2702 591 2767 cohortes
605 2700 726 2766 abdidit
740 2699 876 2786 oppidis,

363 2810 470 2876 Finire
484 2823 677 2899 quaerentem
690 2810 824 2886 labores,

232 2930 274 2987 40
404 2919 510 2986 Pierio
524 2921 670 2986 recreetis
685 2931 796 2986 antro:

188 3208 217 3255 31
232 3213 322 3256 urentes
332 3206 395 3270 quid.
410 3205 479 3254 MSS.
487 3205 556 3254 etium
570 3205 630 3254 Gott.
639 3213 661 3252 et
664 3205 725 3318 lepge
750 3271 771 3315 V
787 3204 930 3318 fflPpeddidit
949 3207 1017 3256 MSS.
1029 3209 1124 3270 quidum
1133 3217 1155 3256 et
1167 3209 1222 3256 Zur.
1236 3207 1302 3258 rur.
1319 3209 1376 3256 Vere.

728 3301 734 3316 .
767 3285 804 3318 eu.
846 3285 899 3319 our.

221 3542 250 3586 10
267 3539 392 3593 Premerer,
404 3545 493 3598 tegerer,
504 3537 639 3602 defensum.
827 3540 859 3585 29
881 3537 1009 3601 motuque,
1026 3538 1210 3600 quandocunque.

219 3607 251 3650 20
268 3603 327 3650 Non
336 3603 463 3657 siueDr'ss3
480 3601 643 3651 abuma.
670 3599 762 3648 Pinder.
826 3605 858 3650 30
875 3604 1083 3664 Nuuitamhicpro
1095 3601 1306 3664 nuviguntepomie.

218 3671 249 3714 21
267 3666 380 3723 Ostendit,
397 3683 422 3714 se
437 3683 539 3714 recessus
554 3667 604 3714 illos
619 3621 713 3730 higidor
730 3681 761 3714 ae·
825 3669 858 3714 33
875 3669 1006 3727 Hospitibus
1015 3668 1098 3731 seron
1124 3668 1235 3715 Brituruu¹
1253 3667 1371 3715 urmolm

187 3739 251 3787 stnle,
267 3732 341 3780 hieme
356 3732 449 3794 tepidos,
468 3747 569 3793 quaerere
590 3748 637 3778 non
659 3733 762 3794 voluptu-
793 3731 1033 3796 louritesserebuutur.

186 3799 215 3845 tls
231 3804 254 3843 et
269 3796 374 3858 ignobilis
391 3796 430 3843 otii
441 3813 514 3852 ceusu
527 3797 566 3844 sed
582 3803 607 3843 ut
621 3812 673 3842 curn
685 3796 762 3844 Musis
825 3797 858 3843 84
875 3798 982 3852 concaui,
1002 3797 1104 3860 Scythica
1123 3812 1186 3858 gens.
1218 3796 1259 3844 Sil.
1273 3797 1298 3843 3.
1313 3798 1369 3844 361.

185 3869 210 3910 et
220 3863 244 3909 in
254 3861 324 3908 literis
334 3861 418 3908 versuti
430 3862 478 3908 sine
490 3861 668 3922 interpellatione
683 3862 762 3924 possit
795 3861 985 3926 eomipeuufuu
996 3863 1090 3918 sarum,
1103 3863 1213 3918 eanum,
1224 3876 1290 3909 uena.

217 3930 250 3975 22
265 3913 405 3985 Fuluium,-
429 3934 521 3990 propter
542 3927 610 3973 ritum
631 3926 656 3974 in
676 3927 761 3974 vertice
824 3929 856 3974 36
873 3928 1002 3988 Scythicum
1009 3941 1102 3974 emtum
1112 3926 1271 3974 Tumimdr'oit
1277 3947 1287 3982 ,-
1299 3924 1369 3973 mnis

186 3991 257 4040 collis.
294 3991 374 4046 Tuum,
385 3992 490 4040 escendo.
792 3991 883 4054 ponitur
893 4007 935 4054 pro
945 3991 1029 4039 usculis
1039 3992 1118 4046 amnis,
1130 3992 1153 4039 h.
1163 4007 1184 4038 e.
1195 3989 1295 4052 Scythis.

218 4061 251 4106 23
267 4057 399 4116 Supirruw
416 4057 762 4118 quutnuuuunwuiseu
825 4056 1308 4112 Imauuseuauuusuununuuiou.

186 4124 344 4170 conuuuunu
825 4123 858 4168 37
874 4122 970 4177 Aluus,-
990 4137 1112 4182 mguunr.

217 4188 250 4233 24
266 4185 387 4247 quuldaeg
400 4186 457 4246 pud
472 4187 537 4233 ueris.
824 4187 856 4232 38
873 4186 966 4233 Abdidit
976 4185 1106 4249 intelligam,
1115 4185 1153 4248 qui
1162 4184 1282 4248 subsignir
1291 4189 1366 4232 tenen-

205 4254 249 4305 'ur
265 4251 370 4306 Deuotus
385 4251 527 4298 ueuuuus.
560 4249 597 4300 cf.
609 4251 643 4300 ΙΙ.
653 4254 690 4300 13.
794 4257 832 4298 tur
845 4251 942 4314 praesidii
954 4266 1021 4298 causa
1031 4252 1054 4297 in
1065 4251 1159 4314 oppidis.

216 4320 249 4364 28
266 4315 394 4362 Palinurus
399 4337 408 4370 ,·
420 4317 514 4364 ostendit
521 4331 544 4368 u
551 4319 612 4366 circu
621 4319 763 4372 Palinurum
827 4316 858 4364 40
877 4315 951 4363 Pierio
961 4323 1045 4362 amru.-
1065 4318 1177 4366 Caerurem
1188 4315 1313 4364 aradiorum
1320 4315 1364 4378 fiu-

180 4381 363 4442 munuum
370 4381 531 4441 mutuatum.
794 4383 835 4428 isse
852 4383 949 4494 Putriscoe
965 4382 1066 4430 ostendit.
1101 4383 1218 4432 Pollicem
1237 4381 1364 4430 suornm

795 4447 874 4506 utrgu.
926 4447 1036 4495 uetonius.
