2964 5022
213 345 276 409 182
568 342 610 422 Q.
634 340 839 410 HORATII
859 339 1035 410 FLACCI

675 721 804 804 oon
835 666 930 802 xvss

602 953 652 1002 AD
669 950 830 1000 NEAERAM
846 947 1002 998 AMICAM.

672 1115 926 1180 Mmmwodprius.
957 1099 958 1104 ¹

341 1276 420 1347 Nox
434 1290 511 1360 erat,
526 1291 559 1346 et
572 1280 653 1346 coelo
666 1279 808 1370 fulgebat
819 1279 896 1344 luna
910 1297 1024 1342 sereno

382 1391 471 1456 Inter
484 1391 607 1458 minora
621 1392 734 1470 sidera,

338 1502 421 1567 Cum
435 1513 481 1581 tu,
495 1524 683 1592 magnorum
697 1491 815 1566 numen
830 1499 948 1566 laesura
959 1497 1107 1578 deorum,

379 1613 420 1676 ln
436 1612 530 1678 verba
538 1612 668 1700 jurabas
683 1634 764 1690 mea,

272 1729 292 1788 ⁵
336 1722 465 1787 Arotius
480 1734 574 1810 atque
587 1722 705 1788 hedera
718 1741 852 1808 procera
866 1719 1049 1808 astringitur
1062 1718 1137 1797 ilex,

379 1832 489 1898 Lentis
504 1831 669 1898 adhaerens
683 1830 819 1897 brachiis
827 1854 837 1909 3
921 1914 924 1920 μ

338 1943 428 2008 Dum
442 1943 555 2028 pecori
563 1941 667 2028 lupus,
683 1953 715 2007 et
728 1941 832 2015 nautis
846 1938 976 2006 infestus
992 1941 1097 2006 Orion

381 2052 542 2118 Turbaret
554 2051 723 2118 hibernum
737 2073 835 2150 rpare,

337 2163 547 2252 Intonsosque
560 2162 693 2252 agitaret
707 2160 865 2250 Apollinis
879 2184 957 2228 aura
970 2159 1110 2248 capillos,

255 2283 295 2341 10
381 2273 464 2339 Fore
478 2273 564 2340 hunc
578 2295 718 2340 amorem
732 2285 888 2341 mutuum.

338 2385 370 2450 Ο
384 2384 521 2450 dolitura
534 2407 605 2450 mea
619 2384 753 2451 multurn
767 2386 892 2464 virtute,
909 2384 1042 2460 Neaera3

381 2496 465 2561 Nam
480 2495 507 2562 si
521 2496 597 2584 quid
611 2495 645 2560 in
661 2496 776 2562 Flacco
791 2495 849 2561 viri
863 2508 921 2575 est,

339 2607 414 2671 Non
429 2605 508 2672 feret
520 2607 660 2672 assiduas
674 2605 790 2696 potiori
804 2618 835 2673 te
850 2606 927 2672 dare
940 2617 1060 2684 noctes,

381 2716 425 2799 Et
439 2727 560 2803 quaeret
572 2718 670 2782 iratus
683 2739 811 2805 parem3
999 2722 1004 2734 '

254 2837 293 2894 15
338 2813 409 2892 Nec
422 2825 518 2893 semel
533 2827 661 2892 offensae
675 2826 766 2892 cedet
779 2825 954 2894 constantia
966 2825 1092 2906 torma,

384 2937 419 3004 st
432 2949 537 3004 certus
550 2914 675 3002 unani
687 2937 789 3003 aoros.

340 3049 388 3114 Ar
400 3060 446 3130 tu,
462 3049 641 3137 quicumque
655 3071 688 3113 cs
703 3047 832 3127 felicior,
848 3059 942 3133 atque
955 3069 1028 3114 meo
1041 3069 1129 3113 nunc

382 3158 545 3245 Superbus
559 3158 679 3224 incedis
692 3157 787 3239 malo,

341 3268 392 3336 sis
404 3253 522 3355 pecora
532 3281 566 3334 et
579 3268 678 3346 multa
690 3269 779 3334 dives
793 3268 905 3335 tellure
917 3267 1033 3346 licebit,

253 3387 295 3448 10
383 3379 520 3470 Tibique
535 3378 684 3448 Pactolus
696 3377 783 3458 fluat,

606 3595 637 3640 ιτ
653 3590 688 3640 nr
700 3590 814 3650 caua
825 3592 1008 3656 apamenus

425 3754 498 3804 ODE
514 3753 572 3804 XV.
850 3759 881 3805 1⁴
897 3758 1043 3806 Paramdicit
1050 3759 1365 3822 padumquaeillumumet.

240 3825 257 3869 2
273 3821 339 3870 Inter
349 3819 439 3870 mm
448 3822 539 3880 &detur
558 3822 582 3872 h.
592 3837 613 3870 c.
629 3837 681 3871 cum
692 3821 785 3871 minori-
850 3826 880 3870 15
900 3823 997 3888 (mmm
1003 3844 1013 3878 ,·
1030 3837 1103 3885 neque
1118 3839 1169 3871 mea
1187 3825 1314 3872 constantia
1330 3825 1396 3874 cedet

209 3885 253 3936 ltus
263 3883 378 3935 sideribus.
815 3887 974 3951 pulchritudini
992 3887 1073 3950 puellae
1084 3890 1107 3936 in
1119 3903 1163 3951 qua
1174 3890 1243 3936 cernel
1253 3889 1346 3938 offendi.

243 3953 309 4000 41η
324 3952 404 4006 culm·
421 3947 481 4001 nd.
497 3952 553 4000 Mea
559 3967 604 4014 per
614 3954 679 4001 uerbo
692 3967 785 4014 corwep·
851 3954 1007 4001 Constantiam
1024 3954 1125 4002 stabilem
1141 3953 1196 4001 dicit
1211 3954 1354 4012 senteutiam,
1372 3961 1395 4002 et

211 4014 445 4079 tumjw'umndum.
816 4015 907 4064 linnum
917 4017 986 4066 animi
997 4018 1123 4066 consilium.

243 4082 364 4138 ostatis,
391 4082 432 4129 dia
448 4082 475 4128 ia
492 4081 597 4142 omplm
615 4082 787 4129 adlmrmibru.
852 4086 882 4129 18
898 4085 1011 4143 stipabat
1028 4084 1127 4138 inani„
1144 4083 1166 4128 h.
1188 4098 1209 4130 e.
1225 4083 1334 4144 superbus
1355 4085 1394 4132 lra-
1465 4083 1466 4156 l

210 4144 291 4196 Ducta
301 4147 419 4195 uchtiooe
434 4146 520 4194 avisco
529 4145 588 4209 quod
599 4146 686 4194 lentore
696 4162 738 4194 suo
748 4146 787 4193 diu
817 4147 884 4194 beris.
916 4147 954 4194 Sic
968 4154 991 4196 at
1002 4147 1126 4210 Vrrgiliusr
1153 4146 1197 4194 Ast
1204 4146 1394 4210 agoqaaedt'udm

210 4219 288 4261 mouet
298 4212 322 4260 in
333 4212 433 4260 adhaesu.
818 4213 991 4272 irtcedoregiac.

244 4279 273 4323 11
296 4277 390 4334 Vetere,
405 4273 536 4323 fortitudine
551 4281 575 4324 et
589 4275 715 4325 musanus
729 4279 787 4334 urea,
850 4277 945 4324 Malam
956 4275 1009 4324 dicit
1018 4275 1165 4324 infortunium
1180 4291 1255 4326 suum.

211 4353 310 4404 qunego
321 4347 345 4389 te
355 4348 507 4389 contemnam.
851 4344 881 4388 at
904 4341 1044 4405 Tesulluru5
1059 4343 1083 4390 h.
1093 4357 1114 4390 e.
1124 4342 1232 4390 lateant·
1464 4347 1465 4400 i

244 4407 274 4450 ta
296 4405 349 4460 Viri,
361 4421 413 4454 nam
425 4406 498 4454 avito
509 4406 589 4453 virtus.
852 4409 971 4453 Roaiam
992 4406 1045 4452 dicit
1067 4406 1222 4470 Pythagoram
1250 4408 1280 4456 ob
1304 4414 1391 4472 llarrp·
1464 4405 1465 4491 l

244 4471 274 4518 1³
290 4469 393 4530 Portum
413 4470 459 4526 Qui
468 4473 533 4534 oprcd
543 4479 564 4521 te
575 4472 650 4534 potior
659 4479 699 4520 est.
820 4468 945 4533 ψνχύσιας
956 4471 1073 4535 dogmaab
1083 4473 1123 4522 illo
1132 4472 1245 4522 traditum.
1456 4517 1462 4529 ,
