2954 5022
196 305 259 386 a*
508 301 828 394 ,aflorum
850 299 1022 394 nnec-1

321 468 487 562 Cultaque,
503 473 579 541 dum
594 461 726 566 peregri}
740 487 788 542 est
797 473 923 558 *animus
938 475 1005 541 sine
1019 491 1154 560 corpore
1167 467 1287 533 velox:

321 559 405 650 Cim
421 597 457 650 tu
471 585 552 650 inter
566 587 702 654 scabiem
716 598 845 676 tantum,
861 598 893 655 et
906 585 1051 674 contagia
1064 582 1156 660 lucri,

237 693 277 752 15
323 691 377 756 Nil
392 715 523 778 parvum
538 696 651 788 sapias,
667 707 699 778 et
713 696 816 762 adhue
831 696 976 786 sublimia
990 717 1099 760 cures:

324 801 408 878 Quae
422 827 509 870 mure
522 818 723 891 compescant
737 829 858 883 ouusae3
881 806 958 892 quid
972 812 1125 888 temperet
1138 820 1256 864 annum
1269 822 1281 875 3

324 912 430 978 Stellae
445 927 557 999 sponte
572 905 637 993 suit,
649 890 787 1001 jussziene
801 926 954 1002 vagentur
968 925 1000 978 et
1013 927 1119 977 errent
1127 933 1137 988 3

321 1022 409 1099 Quid
424 1037 547 1110 premat
561 1026 729 1090 obscurum
746 1026 858 1104 Lunae‚
873 1025 949 1114 quid
964 1023 1103 1110 proferat
1116 1020 1246 1094 orbem3

323 1131 413 1210 Quid
427 1133 501 1198 velit
515 1147 547 1200 et
559 1136 659 1220 possit
673 1149 777 1200 rerum
793 1133 961 1213 concordia
975 1132 1115 1208 discors3

236 1251 278 1308 20
322 1243 542 1328 Empedocles,
558 1267 599 1308 an
616 1244 798 1310 Stertinium
814 1243 925 1308 deliret
937 1221 1080 1307 aouinen.

323 1335 443 1417 Verdm
459 1377 513 1418 seu
529 1356 640 1440 pisoes,
656 1377 709 1418 seu
725 1375 855 1439 porrum
870 1365 902 1417 et
915 1374 1002 1437 caepe
1017 1349 1164 1427 trucidas,

324 1462 423 1532 Utere
438 1463 592 1550 Pompeio
608 1464 778 1548 Grosph03
801 1476 833 1530 et
846 1463 873 1527 si
887 1462 963 1552 quid
977 1476 1072 1548 petet,
1088 1447 1172 1527 ultrd

320 1565 437 1640 Defer:
461 1574 505 1637 nil
521 1570 688 1660 Grosphus
703 1574 764 1637 nisi
779 1595 886 1637 verum
901 1572 1003 1637 orabit
1017 1585 1048 1638 et
1062 1595 1199 1660 aequum.

324 1684 403 1749 Vilis
418 1685 589 1762 amicorum
605 1697 653 1749 est
666 1707 800 1762 annona,
816 1684 906 1748 bonis
921 1684 976 1748 ubi
990 1683 1066 1772 quid
1079 1669 1168 1748 de’st.

236 1804 277 1862 25
322 1794 373 1860 Ne
387 1807 492 1858 tamen
508 1796 632 1880 ignores
647 1817 710 1881 quo
725 1795 765 1858 sit
781 1795 926 1874 Romana
939 1793 1010 1857 loco
1025 1815 1094 1870 res3

324 1904 484 1970 Cantaber
499 1905 662 1992 Agrippae,
680 1903 794 1969 Claudi
808 1905 921 1969 virtute
937 1885 1073 1968 Neronis

320 2015 490 2080 Armenius
505 2003 636 2079 cecidit:
653 2017 706 2102 jus
721 2014 949 2101 imperiumque
966 2013 1116 2094 Phraates

320 2124 455 2190 Caesaris
470 2125 589 2211 uocepit
603 2126 735 2212 genibus
750 2125 870 2188 minor:
895 2144 990 2187 aurea
1003 2122 1109 2210 fruges

322 2236 423 2300 Italiae
436 2235 531 2320 pleno
546 2235 666 2300 defudit
683 2235 784 2320 Copia
797 2256 907 2298 cornu.

191 2430 224 2476 20
240 2425 418 2490 Empedoeieum
430 2425 670 2489 conj.Cun..Stertinii
687 2425 845 2538 Vepaiesslpyrm
894 2425 927 2471 28
944 2421 1178 2488 Offenduneglosuu.
1249 2431 1282 2477 27
1302 2429 1383 2478 Phra·

762 2506 773 2536 s
845 2522 852 2536 .

226 2659 257 2706 14
273 2658 388 2712 &abiem
406 2655 553 2705 Democritus
569 2657 598 2704 ob
615 2657 711 2704 studium
731 2673 766 2704 sa-
796 2658 825 2712 ab
839 2657 873 2704 ta
888 2657 996 2703 oriuntur
1010 2664 1095 2703 mnata
1108 2657 1211 2714 duriam
1229 2661 1381 2722 Crtmqtoesit

191 2723 282 2786 pientioe
293 2738 360 2785 egros
372 2723 470 2770 deseruit
480 2723 584 2780 incultos.
607 2721 673 2784 Ergo
683 2723 765 2774 mirum
797 2724 855 2784 'greis
877 2737 944 2784 oquae
960 2737 1063 2782 magnae,
1084 2737 1154 2784 vapor
1173 2725 1283 2771 humidus
1299 2741 1384 2772 omnes

193 2788 306 2849 estquod
318 2788 377 2834 tuin
388 2788 462 2835 studio
473 2795 535 2835 tanto
552 2787 584 2834 rei
601 2787 727 2846 quaerendae
744 2795 767 2834 et
799 2789 845 2834 Res
866 2795 933 2842 creat,
947 2795 968 2833 et
987 2787 1069 2833 discors
1086 2785 1309 2852 concordiusoetibus
1322 2799 1380 2851 apuu

191 2852 469 2914 augeudaephilonopbiam
478 2860 568 2900 nactus.
600 2849 701 2910 leonium
709 2852 766 2900 hauc
797 2860 836 2899 est.

191 2932 249 2970 esso,
260 2917 366 2978 quianon
378 2916 455 2962 videt?
830 2919 861 2962 20
878 2917 998 2963 Stertinius
1023 2915 1179 2962 isteduoentou
1205 2918 1285 2978 uiginti
1308 2920 1381 2966 lium

193 3011 197 3017 -
227 2984 256 3027 lb
273 2981 389 3034 Stiblimiu,
402 2979 505 3046 Mseiuge
515 2978 688 3030 siveCoelestia
797 2981 922 3028 nmmum
933 2981 1119 3040 Lzsuuesnifrsit.
1209 2993 1210 2998 ¹

227 3048 256 3092 16
273 3046 341 3091 Mure
351 3054 505 3106 compescam
523 3061 552 3091 ne
563 3046 585 3092 in
598 3053 750 3092 terrasexeat.
828 3049 859 3093 22
882 3047 965 3102 Utere5
983 3045 1006 3092 b.
1018 3060 1038 3092 e.
1046 3045 1164 3092 convivam
1175 3045 1262 3092 adhibe.

228 3111 350 3170 Temperet,
369 3111 391 3156 h.
410 3126 430 3157 e.
450 3111 529 3158 aestivo
547 3109 621 3157 colore
636 3116 659 3156 et
672 3109 763 3156 hiberno
834 3111 904 3165 (Hm,
914 3110 1015 3164 libenter,
1026 3110 1227 3172 bonoetbeniguo
1238 3111 1315 3159 vultu.

189 3172 276 3236 frigore
286 3173 386 3220 misceat.
826 3177 860 3222 24
881 3176 933 3222 Vita
943 3175 1075 3230 amicorum,
1088 3174 1110 3220 h.
1120 3189 1140 3220 e.
1157 3175 1204 3220 Vili
1214 3176 1278 3222 venit
1295 3179 1378 3226 amici.

228 3241 258 3285 19
276 3239 488 3287 Rerumooncordrb
495 3240 592 3286 discors:
611 3239 634 3300 in
642 3239 764 3286 animabo·
794 3240 831 3294 tia,
843 3239 880 3286 ubi
892 3239 1018 3302 hujusmodi
1028 3239 1081 3286 boni
1091 3239 1133 3285 viri
1144 3239 1218 3302 aliquo
1229 3254 1308 3302 egent.

190 3302 239 3350 buit
250 3299 394 3364 Empedoclis
405 3303 474 3350 iliud:
490 3303 591 3352 'datm
605 3303 644 3364 μὶν
660 3301 765 3366 panionia
827 3308 859 3352 25
879 3306 929 3358 Quo
939 3305 992 3358 loco,
1004 3318 1049 3363 quo
1060 3310 1127 3349 statu.

190 3364 510 3497 instititutis
524 3365 763 3496 2222
826 3369 1378 3499 2222232222

191 3495 280 3556 quidem
290 3495 354 3556 locus
365 3497 448 3559 optime
464 3495 587 3546 declaratur
598 3497 674 3546 Ovidii
684 3499 764 3547 Versi-
794 3499 818 3548 ui
829 3499 926 3548 restituit
936 3497 1047 3545 Tiberius.

191 3561 232 3607 bus
252 3559 311 3608 Met.
332 3561 353 3608 1.
375 3561 431 3608 430.
469 3563 555 3622 Quippe
575 3563 615 3609 ubi
634 3565 764 3624 temperiem
827 3566 858 3611 29
876 3563 1009 3610 Ubertatem
1028 3561 1101 3608 Italiae
1112 3577 1180 3608 nosse
1189 3562 1298 3612 intererat
1309 3564 1376 3623 Iccii,

189 3640 289 3673 mansere
305 3628 431 3689 durumque
447 3628 557 3692 calorque,
575 3629 725 3690 Coruinum
741 3637 763 3676 et
795 3629 866 3691 quiin
880 3627 1376 3690 Sicilialucrooperamdubutetirumeutum

340 3692 343 3698 '
795 3693 911 3740 vendebat.
