2964 5022
401 296 668 366 CARMINUM
690 295 767 373 Lm.
790 295 849 360 IV.
874 303 943 362 15.Ι

535 721 663 803 ODE
701 719 796 802 XV.

454 925 660 974 AUGUSTI
688 924 878 974 LAUDES.

555 1090 661 1138 Metram
668 1096 696 1137 ut
702 1088 777 1150 prt'tts.

221 1223 353 1290 Pnuaus
366 1225 525 1291 volentem
538 1227 652 1312 proelia
666 1247 718 1289 me
732 1224 819 1311 loqui

217 1335 311 1401 Victas
324 1349 355 1402 et
368 1336 474 1414 urbes,
486 1337 643 1422 increpuit
658 1335 736 1422 lyra,

252 1447 297 1511 Ne
309 1470 406 1532 parva
421 1446 626 1533 Tyrrhenum
639 1466 822 1533 persequor

289 1557 367 1622 Vela
381 1557 501 1622 darem.
547 1557 630 1635 Tua,
648 1556 767 1634 Caesar,
783 1566 859 1618 aetas

142 1678 159 1732 5
202 1669 319 1755 Fruges
334 1683 366 1735 et
380 1673 464 1758 agris
478 1669 599 1735 rettulit
615 1667 737 1746 uberes,
766 1691 769 1696 ·

200 1780 244 1844 Et
257 1779 345 1867 signa
358 1793 469 1845 nostro
484 1779 619 1846 restituit
633 1779 716 1856 tovi,

240 1891 383 1977 Derepta
399 1891 590 1957 Parthorum
606 1887 751 1976 superbis

282 2001 442 2080 Postibus
458 2016 490 2066 et
504 2023 638 2065 vacuum
653 1998 766 2063 duellis

198 2109 311 2176 Janum
322 2111 459 2189 -Quinni
473 2110 594 2190 clausit,
611 2123 643 2174 et
657 2109 801 2174 ordinem

126 2231 158 2284 lo
198 2223 332 2286 Rectum
347 2222 492 2309 evaganti
506 2221 604 2286 fraena
618 2220 753 2286 licentiae

237 2333 359 2418 Injecit,
375 2333 554 2420 emovitque
572 2333 691 2418 culpas,

281 2443 324 2508 Et
338 2457 459 2508 veteres
474 2443 632 2507 revocavit
646 2457 728 2507 artes
740 2467 749 2517 ;

198 2555 257 2619 Per
272 2577 350 2641 quas
365 2553 517 2618 Latinum
531 2569 648 2618 nornen
663 2567 695 2618 et
709 2554 799 2618 Italae

127 2673 130 2684 '
198 2665 330 2731 Crevere
345 2664 437 2742 vires,
453 2665 597 2752 famaque
612 2677 644 2730 et
658 2665 771 2750 imperi

57 2812 62 2844 ;
133 2781 161 2836 15
236 2776 387 2840 Porrecta
400 2777 545 2862 majestas
560 2757 724 2840 adortum

213 2913 214 2916 ¹
278 2887 360 2951 Solis
375 2887 416 2950 ab
433 2885 595 2972 Hesperio
610 2885 719 2950 cubili.

200 2997 337 3062 Custode
351 3020 458 3062 rerum
475 2998 613 3074 Caesare,
630 3019 695 3060 non
709 2995 797 3060 furor

198 3106 301 3171 Civilis
316 3120 371 3171 aut
385 3109 432 3171 vis
447 3108 564 3172 eximet
578 3107 697 3184 otIum3

103 3284 109 3325 l
122 3282 191 3328 volente
199 3283 254 3345 corrj.
270 3284 374 3330 Torreat.
384 3291 406 3330 et
424 3283 518 3330 Geraerr'
530 3284 595 3330 Tlrea
606 3300 626 3330 v.
637 3285 735 3344 increpo.
798 3288 814 3331 7
832 3283 928 3347 Direpte
943 3286 1012 3334 MSS.
1021 3295 1044 3334 et
1054 3288 1115 3335 edet.
1129 3288 1251 3352 meroque.

121 3345 218 3395 9Fenum
228 3349 300 3394 Brod.
329 3347 451 3402 Quirinum
463 3349 525 3396 Iani.
547 3348 613 3395 clusit
623 3350 678 3396 Iun.
696 3365 709 3396 e
724 3347 784 3410 conj.
802 3351 863 3397 Cure.
931 3354 960 3396 10
977 3359 1000 3398 et
1010 3353 1102 3414 vaganti
1118 3354 1174 3403 Vere.
1188 3355 1252 3402 Glar.

121 3413 369 3526 Effioppmiffiptnipm
382 3413 440 3461 G.et
446 3415 531 3474 prime
540 3415 601 3462 editt.
653 3415 681 3460 15
699 3422 763 3462 ortus
773 3415 836 3462 codd.
847 3415 942 3476 quidum
952 3431 989 3477 ap.
1000 3417 1078 3465 Beati.
1098 3465 1100 3470 ,
1128 3421 1157 3465 la
1174 3419 1251 3484 exiget

704 3613 720 3656 6
738 3610 846 3657 mair
855 3610 907 3659 Juvr'
912 3632 922 3666 ,·
934 3611 958 3657 in
970 3607 1107 3674 Capitolium
1121 3611 1249 3676 triumphali

276 3671 350 3721 ODE
367 3671 425 3722 XV.
671 3689 754 3737 pompe
764 3675 815 3730 late,
827 3681 850 3721 et
860 3675 949 3737 gremio
959 3675 1026 3724 Joris
1037 3677 1148 3737 imposita.

703 3742 718 3786 9
734 3741 810 3786 Ianus
821 3755 862 3802 pro
872 3740 922 3802 ipso
930 3741 1015 3803 templo
1026 3739 1107 3789 dicitur
1113 3759 1122 3799 ;
1139 3743 1248 3804 templum

123 3809 131 3852 l
149 3805 257 3858 relevarem
275 3804 298 3851 h.
309 3819 330 3852 e.
340 3811 468 3852 conantem.
668 3805 712 3850 hoc
723 3805 846 3866 antiquitus
856 3805 912 3852 nihil
922 3805 981 3852 aliud
992 3805 1061 3854 filinae
1071 3807 1166 3862 videtur,
1180 3822 1247 3868 quam

122 3869 243 3930 tircrepm't
256 3869 314 3930 lyra,
332 3875 393 3915 tactu
408 3869 508 3930 asperius
524 3876 547 3914 et
569 3870 637 3918 vehe·
669 3869 776 3916 transitus
784 3869 870 3931 aliquis,
879 3885 946 3932 quem
954 3871 1059 3932 utrinque
1070 3872 1141 3934 portis
1151 3873 1249 3918 munivit

104 3937 170 3984 nulus
182 3935 224 3996 lyra
239 3933 352 3999 silentium
371 3935 445 3996 poetae
464 3933 585 3995 imposuit:
612 3943 637 3981 ut
669 3933 748 3981 Numa
759 3942 782 3981 et
796 3935 848 3981 belli
864 3935 970 3998 pacisque
985 3936 1081 3983 indicem
1097 3935 1158 3983 fecit.
1186 3935 1249 3983 Plut.

105 4003 212 4050 aarum
230 3999 287 4046 vellit
311 4000 428 4060 Cyminius.
464 3998 562 4061 Virgilio
585 3997 637 4047 ael.
669 3997 748 4045 Numa
763 4015 785 4062 p.
802 4003 842 4046 73.
857 4015 891 4062 pr.
926 3999 983 4052 Νιὺς
1002 3997 1086 4066 lieven,
1108 3999 1129 4047 ὃν
1149 3999 1248 4060 πολέμου

106 4069 142 4114 il.
669 4061 742 4114 ulam
752 4063 853 4121 maloin,
865 4065 914 4112 belli
923 4066 1036 4114 Junuam.

125 4134 175 4180 3Ne
188 4145 267 4192 tunm
297 4128 438 4189 Allegoricuff
463 4129 580 4193 u'gnfirm
607 4144 638 4176 ne
704 4131 741 4175 12*
756 4131 842 4176 Veteres
858 4136 917 4176 artes
928 4136 1018 4176 vetuste
1034 4129 1109 4190 posuit
1127 4144 1169 4190 pro
1186 4131 1247 4177 anti

108 4213 179 4256 animm
195 4196 308 4244 mmmmm
331 4194 412 4240 tumet
431 4196 508 4253 generi
529 4195 637 4240 coritanis
668 4209 724 4254 qnos
734 4209 806 4240 mmet
813 4216 822 4248 ‚·
840 4193 877 4240 vel
887 4195 980 4242 uirtutes
992 4193 1081 4240 Graecis
1091 4193 1180 4256 apris·

108 4265 221 4311 maturat
249 4259 308 4307 Non
321 4259 371 4304 sine
382 4259 480 4321 periculo
491 4258 635 4321 Tyrrhenum
703 4259 812 4306 Revocari
822 4259 927 4306 dicuutur
936 4273 987 4320 quae
998 4257 1034 4303 diu
1052 4257 1144 4305 desueta
1155 4265 1178 4306 et
1194 4261 1248 4307 ebo·

110 4329 252 4392 wempgarur.
668 4323 708 4370 lita
718 4324 799 4370 iterum
811 4323 834 4370 in
846 4339 912 4370 usum
924 4323 1068 4370 reducuntur.

127 4399 136 4440 t
146 4396 216 4442 aaut
223 4394 321 4440 uberes:
344 4389 405 4440 Qtu'a
415 4390 441 4434 ia
448 4403 506 4450 poce
512 4390 636 4450 diligentior
703 4391 732 4434 17
751 4390 829 4435 Custos
839 4388 925 4443 dicitur,
936 4396 1035 4448 utsupra
1050 4388 1132 4435 Tutela
1139 4405 1246 4449 precem,

109 4461 152 4510 ultus
158 4461 258 4509 clamem
259 4455 380 4520 fructum
381 4451 450 4516 sacr't.
668 4461 773 4518 tanquam
785 4453 813 4498 de
825 4453 923 4500 numine.
