2964 5022
545 336 588 413 Q·
611 331 820 405 HORATII
844 329 1015 400 uLnGcl

317 510 448 588 Vivunt,
463 522 496 575 et
509 499 603 597 rigidi
618 507 722 586 Getae,

360 621 528 686 Immetata
541 619 655 707 quibus
664 621 780 708 jugera
793 616 907 682 liberas

321 733 443 820 Fruges
457 743 490 796 et
505 730 654 796 Cererem
669 731 784 807 ferunt,
814 723 815 726 '

360 843 430 909 Nec
441 841 564 906 cultura
578 841 681 927 placet
695 838 820 928 longior
834 859 958 910 annua3
974 873 976 876 -

235 965 273 1021 15
317 953 576 1038 Defunctumque
590 950 750 1014 laboribus
772 931 777 938 ¹

360 1061 492 1149 AEquali
506 1073 628 1126 recreat
642 1071 726 1124 sorte
740 1059 883 1123 vicarius·

318 1171 388 1237 Illic
403 1185 502 1237 matre
517 1171 695 1236 carentibus

365 1283 522 1370 Privignis
537 1282 650 1346 mulier
663 1291 819 1366 temperat
832 1280 982 1344 innocens
994 1301 1003 1340 t

317 1393 386 1458 Nec
400 1391 509 1457 dotata
523 1393 604 1480 regit
617 1392 720 1457 virum
909 1380 911 1384 ’
992 1381 994 1383 ’

232 1505 305 1602 3οχ’
358 1504 500 1590 -Conjux,
516 1526 575 1570 nec
589 1503 690 1567 nitido
704 1500 775 1565 fidit
788 1501 940 1566 adultero.

316 1615 389 1699 Dos
403 1625 452 1680 est
464 1635 580 1701 magna
593 1612 772 1698 parentium

359 1725 480 1801 Virtus,
495 1737 528 1787 et
540 1735 683 1787 metuens
692 1719 818 1784 alterius
832 1719 892 1780 viri

319 1834 417 1900 Certo
430 1833 549 1898 foedere
563 1832 698 1908 castitas,

359 1944 402 2009 Et
415 1965 547 2030 peccare
560 1939 658 2022 nefas,
672 1953 733 2017 aut
741 1937 877 2026 pretium
892 1937 1001 2002 emori.

230 2064 272 2122 25
316 2055 349 2120 Ο
360 2054 500 2142 quisquis
514 2053 599 2118 volet
612 2053 724 2138 impias

358 2164 472 2230 Caedes
486 2176 519 2228 et
531 2162 651 2228 rabiem
664 2161 775 2226 tollere
786 2158 914 2225 civicam
926 2182 935 2234 3

316 2275 351 2342 Si
365 2287 487 2363 quaeret
500 2294 609 2339 aaran
625 2291 765 2338 unarum

359 2384 522 2452 Subscribi
536 2383 656 2461 statuis,
672 2381 858 2446 indomitam
872 2379 986 2445 audeat

318 2495 492 2562 Refrenare
506 2494 674 2572 licentiam,
761 2476 763 2479 ’

230 2616 271 2672 30
359 2605 472 2671 Clarus
486 2603 688 2692 postgenitis:
711 2615 865 2690 quatenus
880 2601 956 2687 (heu
969 2599 1056 2665 nefas
1074 2598 1098 2680 l)

315 2716 473 2782 Virtutem
486 2715 676 2779 incolumem
690 2712 825 2789 odimus,

359 2825 521 2892 Sublatam
535 2847 577 2889 ex
587 2823 686 2888 oculis
701 2817 872 2908 quaerimus
887 2823 994 2887 invidi.

318 2934 406 3012 Quid
420 2935 523 3000 tristes
538 2933 753 3021 querimoniae,

186 3218 219 3264 at
235 3223 274 3264 aut
284 3231 318 3278 pr.
328 3213 386 3260 mori
396 3212 445 3260 coll.
459 3215 511 3260 Sur.
521 3213 546 3258 it.
559 3213 613 3258 Zur.
645 3219 684 3258 aut
701 3227 735 3273 pr.
746 3211 817 3259 emori
828 3210 896 3258 MSS.
907 3213 991 3272 aliqum
1006 3213 1130 3271 op.Ber1tl.
1153 3219 1193 3259 aut
1208 3225 1243 3274 pr.
1258 3222 1294 3261 eat
1313 3220 1383 3265 mori

218 3282 249 3327 ol.
312 3281 344 3326 26
360 3281 399 3325 nu't
415 3278 497 3325 rabiem
514 3278 569 3324 Vera.
582 3276 646 3324 δῖαν.
709 3275 1049 3337 atquaentcodaap.13ent1.
1112 3280 1144 3324 30
1162 3276 1297 3327 Caruncm
1309 3283 1384 3330 Can.

218 3345 267 3392 ten'.
300 3343 413 3400 Quatinus
424 3342 508 3390 Lamo.
572 3343 604 3388 82
620 3339 702 3388 invidia
712 3339 772 3403 conj.
783 3343 850 3390 Creu.

219 3607 247 3651 lt
261 3603 338 3664 Rigldi
351 3604 427 3659 (leto,
439 3603 626 3672 Prmtmffigmo
632 3603 758 3664 rcgimm.
823 3605 854 3650 27
877 3603 980 3658 Urbium,
996 3603 1120 3651 dissimulat
1135 3619 1159 3650 se
1174 3605 1198 3651 in
1209 3605 1285 3652 animo
1299 3605 1379 3654 habu-

219 3672 249 3716 12
265 3669 367 3726 Liberae,
388 3683 439 3730 quae
461 3669 544 3716 cedunt
562 3669 586 3714 in
608 3683 673 3716 usum
696 3683 758 3714 com·
790 3667 835 3714 isse
843 3666 974 3730 Augustum
987 3664 1070 3716 Patriae
1082 3668 1182 3716 Patrem.

186 3748 285 3781 munem.
822 3735 855 3779 30
882 3734 963 3780 ctam
987 3734 1131 3794 postgenita
1166 3733 1292 3796 significare
1319 3739 1376 3785 vult

220 3801 249 3844 15
265 3797 418 3862 Defimctum,
429 3798 556 3846 ὶῶθναιωη.
791 3795 923 3858 Augustum
940 3797 968 3844 ob
979 3797 1053 3860 legem
1064 3797 1148 3846 Juliam
1164 3799 1192 3845 de
1207 3799 1322 3847 adulteriis
1337 3802 1376 3850 la-

202 3924 204 3930 y
218 3865 248 3910 16
270 3863 372 3910 Vinaria-t
387 3864 410 3910 b.
425 3863 442 3910 l.
456 3863 542 3926 estqui
559 3861 607 3924 pari
624 3861 757 3917 conditione,
791 3861 883 3908 borasse
893 3862 1039 3924 plurimorum
1051 3863 1141 3910 invidia

183 3927 263 3976 eodem
273 3943 329 3991 agro
340 3927 440 3984 colendo,
453 3927 636 3988 succediteiqui
646 3925 717 3988 pridie
727 3926 759 3974 le-
826 3927 950 3982 Quatenus,
962 3927 1079 3990 siquidem.

183 3994 277 4040 bomvit.
822 3992 853 4037 31
877 3991 988 4038 Virtutem
1007 3993 1086 4039 maluit
1098 3993 1214 4040 nominare
1232 4007 1299 4055 quam
1317 3995 1373 4043 Au-

216 4061 245 4105 18
265 4058 386 4118 Temperat
395 4057 411 4104 i.
425 4057 502 4119 parcit.
788 4062 890 4118 gustum·
920 4057 1071 4112 Incolumem,
1082 4057 1201 4104 dumvivit
1211 4059 1339 4108 virbonus.

213 4125 246 4169 20
263 4123 327 4172 Fata
347 4123 465 4168 aunam:
496 4120 525 4168 In
548 4120 655 4168 Ablativo
676 4119 757 4166 dicitur
820 4121 956 4176 tutandi,
974 4122 1372 4186 expervereoetmalignoingoeio.

181 4187 300 4234 motae.-
318 4186 381 4247 quasi
397 4186 487 4242 diceret,
502 4186 531 4234 ob
546 4186 644 4234 motet
659 4183 755 4232 sormam
820 4187 852 4232 33
865 4185 964 4239 Querela
980 4187 1008 4232 de
1026 4188 1135 4249 corruptis
1150 4188 1250 4248 moribus
1268 4189 1300 4236 nil
1314 4205 1371 4252 pro.

182 4251 286 4298 tlduciam
297 4251 337 4297 sibi
349 4251 423 4306 sumit,
432 4266 505 4313 neque
515 4250 631 4298 erubescit.
790 4249 846 4304 dest,
859 4251 901 4296 nisi
909 4251 994 4298 scelera
1005 4252 1088 4298 severis
1099 4252 1186 4314 legibus
1203 4253 1366 4315 reprimuntur:

215 4316 247 4361 28
264 4314 365 4362 servatio
377 4323 454 4363 sancta
464 4323 487 4362 et
497 4321 604 4364 constans
615 4313 758 4362 matrimonii.
789 4329 831 4360 nec
850 4315 905 4377 ipsae
921 4315 985 4378 leges
996 4317 1042 4364 vim
1054 4317 1142 4372 babent,
1154 4317 1196 4365 nisi
1207 4333 1282 4366 mores
1297 4322 1370 4368 corn‘·

213 4382 246 4426 26
264 4379 368 4435 cauam
386 4388 475 4430 vetuste
493 4397 534 4443 pro
549 4380 642 4429 mamm.
670 4377 757 4426 Intelli-
788 4387 872 4440 gantur
882 4388 906 4447 et
921 4381 1037 4444 disciplina
1046 4381 1134 4444 publiea
1150 4389 1173 4430 et
1187 4383 1273 4444 privata
1289 4399 1369 4434 emen.

89 4459 91 4464 ·
181 4450 267 4506 guntur
276 4443 334 4490 bellu
344 4444 423 4492 civilia
788 4443 859 4491 detur.
