2964 5022
360 331 631 402 CARMINUM
653 331 729 399 Lm.
754 333 818 399 ΙΙΙ.
843 341 893 402 15.

517 757 645 842 ODE
682 757 777 841 XV.

537 984 577 1033 nt
595 983 767 1036 cunontnr.

295 1177 397 1227 Hetmm
403 1177 480 1242 primo
490 1190 556 1224 vernt
570 1176 727 1238 Glymnicum,
737 1174 806 1220 altero
819 1171 1006 1221 choriambicum.

182 1361 294 1430 Uxon
306 1364 453 1449 pauperis
469 1361 570 1448 Ibyci,

229 1474 376 1540 Tandem
390 1473 540 1560 nequitiae
554 1471 617 1558 fige
631 1469 762 1534 modum
777 1481 851 1546 tuae,

187 1584 396 1671 Famosisque
409 1582 588 1648 laboribus:

229 1695 364 1760 Maturo
378 1694 509 1781 propior
523 1690 631 1758 desine
645 1691 749 1759 funeri

126 1815 143 1872 5
187 1807 280 1872 Inter
292 1805 402 1870 ludere
416 1805 564 1893 virgines,

229 1915 276 1981 Et
288 1915 384 1981 stellis
398 1915 547 1980 nebulam
561 1937 710 2002 spargere
726 1912 877 2008 candidis.

181 2025 274 2105 Non,
289 2026 314 2090 si
329 2025 406 2112 quid
422 2024 566 2092 Pholoen
580 2025 666 2105 satis,

227 2136 273 2201 Et
286 2148 326 2214 te,
345 2135 467 2214 Chlori,
482 2134 590 2200 decet:
616 2135 682 2201 filia
696 2137 811 2202 rectius

184 2245 361 2334 Expugnat
369 2249 522 2332 juvenum
537 2245 662 2326 domoc,

111 2364 144 2420 10
227 2356 327 2421 Pulso
343 2355 464 2442 Thyias
478 2356 525 2420 uti
539 2356 663 2422 concita
677 2369 839 2444 tympano.

183 2467 277 2531 lllam
292 2467 378 2554 cogit
391 2488 481 2531 amor
496 2466 597 2532 Nothi

229 2578 374 2642 Lascivae
389 2577 522 2642 similem
536 2577 647 2643 ludere
661 2599 804 2665 capreae:

183 2687 234 2753 Te
249 2687 333 2754 lanne
346 2711 447 2775 prope
464 2688 603 2754 nobilem

226 2798 347 2864 Tonsae
363 2799 542 2879 Luceriam,
557 2823 623 2865 non
637 2801 777 2880 citharae,
794 2799 917 2880 decent,

113 2915 144 2971 15
183 2907 252 2974 Nec
266 2910 327 2976 flos
340 2933 520 2999 purpureus
534 2933 617 2976 rosae

224 3019 296 3086 Nec
311 3021 389 3106 poti,
404 3021 551 3116 vetulam,
567 3021 644 3088 faece
658 3035 750 3090 tenus
765 3021 846 3087 cadi.

84 3229 91 3270 1
102 3223 144 3274 lbici
152 3230 198 3277 cdd.
206 3239 258 3280 vett.
324 3234 340 3279 2
357 3247 416 3295 pone
426 3232 519 3280 modum
530 3235 594 3282 codd.
604 3233 699 3294 quidum
709 3247 747 3293 ap.
757 3231 842 3279 Lomb.
909 3231 938 3276 10
949 3227 1036 3291 'llryint
1047 3228 1125 3277 nent
1134 3236 1162 3276 ut
1172 3229 1196 3277 2.
1209 3231 1247 3278 19.

105 3295 122 3337 9.
130 3295 186 3354 vulgo
196 3295 283 3358 'Ibyen
353 3299 382 3343 15
398 3313 517 3360 pnrpureoe
527 3301 575 3346 cod.
585 3306 628 3346 net.
638 3313 676 3359 op.
686 3298 763 3344 Bentl.
831 3297 861 3342 16
872 3292 962 3350 Vetula,
974 3295 1043 3342 etiam
1053 3295 1126 3342 Brod.
1135 3291 1185 3342 coll.
1195 3297 1248 3343 tac.

106 3357 157 3406 llor.
170 3361 220 3410 Ven.
233 3363 306 3410 1486.
317 3361 412 3411 Lorne.
421 3363 488 3412 mole.

263 3544 340 3593 ODE
364 3543 424 3594 XV.
697 3546 883 3608 -Adnwtoquc
901 3542 961 3590 lonis
978 3541 1083 3590 Emerita
1105 3555 1158 3604 quc
1178 3547 1248 3588 cerunt

105 3607 230 3658 tramea
249 3611 387 3674 plerumque
401 3625 442 3674 pro
463 3610 547 3675 insumi
568 3625 635 3658 utur-
731 3613 733 3616 '
794 3625 848 3657 acu.
1041 3605 1149 3655 Juvenal.

83 3677 135 3728 llll·
666 3675 702 3724 Te
712 3676 812 3722 vetulam
829 3676 894 3722 decet
909 3671 1037 3728 lanificium,
1049 3686 1096 3718 uon
1112 3672 1197 3718 cithare
1210 3683 1248 3718 co-

107 3737 119 3780 5
131 3737 265 3804 Luamjem
276 3757 321 3804 pro
331 3743 413 3792 cultore
422 3740 505 3804 potuit.
665 3757 720 3788 nere
731 3741 755 3787 in
766 3739 875 3786 conviviis
886 3737 994 3794 virorum,
1011 3751 1053 3784 nec
1067 3736 1171 3784 coronari
1182 3736 1249 3794 rosio,

107 3803 118 3844 Β
131 3804 228 3862 Renum
247 3807 426 3855 conveniemus.
668 3821 710 3853 nec
720 3805 796 3852 bibere
805 3804 884 3851 viuum
895 3803 965 3866 lenge.

94 3867 118 3937 ¹9
130 3868 258 3930 Eulogium
285 3870 398 3934 significat
414 3887 463 3920 eam
479 3870 549 3919 brine
566 3871 636 3918 cithe-
703 3872 733 3916 11
749 3870 851 3918 nuceta
863 3868 926 3916 Urbs
937 3868 1028 3932 Apuliae
1035 3867 1087 3916 hnu
1098 3873 1122 3915 ct
1132 3864 1249 3916 nouenae

88 3931 168 3989 ”tisiam
183 3943 205 3982 ct
214 3952 307 4000 vagam,
320 3937 353 3984 nti
365 3935 449 3984 Bacchi
461 3936 588 3984 Maenedes.
667 3935 720 3983 luno
737 3935 837 3982 celebris.

110 3996 131 4040 ¹⁰
146 3999 296 4062 lbntpunum,
315 4009 364 4050 eret
375 4003 468 4050 miuon's
479 4002 545 4048 cribri
556 4001 636 4048 forma.
703 4003 732 4048 16
750 4001 901 4055 Foecetenucc
916 3998 1011 4059 Grecis,
1024 3999 1052 4054 tt,
1064 3993 1248 4064 eglyol’rom-

109 4060 130 4106 13
146 4064 173 4112 Te
186 4067 260 4124 lanm-
291 4066 429 4118 Lnnificium
446 4074 494 4116 erat
512 4065 635 4120 infelicium
667 4067 718 4114 binli
730 4081 834 4115 sermone
846 4072 972 4130 usurpetur.

88 4135 146 4174 mlum
154 4139 281 4194 perpetuum
293 4148 359 4197 opus.
