2964 5022
189 309 250 410 ιη’
544 338 587 414 Q.
610 307 818 402 norrun
845 331 1017 401 rrrcor

317 512 404 578 Inter
417 509 551 576 audaees
565 508 659 594 lupus
674 520 760 574 errat
773 527 890 595 agnos:

318 621 445 710 Spargit
458 631 596 708 agrestes
611 619 668 684 tibi
682 618 760 684 silva
772 619 918 685 frondes:
970 671 974 675 .

234 742 273 800 15
317 731 447 798 Gaudet
459 731 592 798 invisam
604 729 763 817 pepulisse
776 729 878 796 fossor

488 842 555 908 Ter
568 840 650 928 pede
663 851 790 906 terram.

628 1278 769 1362 ODE
800 1277 924 1361 XIX.

646 1503 697 1558 AD
712 1501 919 1556 TELEPHUM.

614 1661 719 1708 Metram
728 1667 755 1708 ut
766 1660 792 1706 iu
805 1657 877 1708 ODE
888 1655 918 1706 X
921 1657 947 1702 V.

318 1826 497 1904 Qurrruru
511 1825 608 1891 distet
619 1823 660 1888 ab
675 1819 795 1888 Inacho

363 1936 499 2015 Codrus,
513 1957 574 2022 pro
587 1932 689 2020 patria
702 1952 768 1997 non
782 1915 910 1995 timidus
924 1925 1017 2003 mori,

318 2047 448 2126 Narras,
463 2059 495 2113 et
507 2067 607 2133 genus
623 2043 728 2122 AEaoi,
940 2109 941 2112 ,

245 2156 248 2162 ’
360 2156 404 2222 Ε1
416 2168 557 2244 pugnata
571 2177 661 2220 sacro
674 2153 758 2219 bella
771 2148 830 2218 sub
846 2148 925 2217 Ilio:
974 2218 976 2222 ,

253 2277 274 2364 ⁵,
318 2267 395 2346 Quo
410 2267 528 2334 Chium
542 2267 645 2352 pretio
659 2264 773 2330 cadum
790 2249 793 2254 ¹

360 2377 554 2457 Meroemur,
569 2377 639 2466 quis
653 2398 767 2464 aquam
781 2387 935 2461 temperet
948 2373 1084 2462 ignibus,

317 2489 394 2567 Quo
407 2488 569 2577 praebente
583 2487 724 2566 domum,
739 2499 772 2553 et
785 2461 892 2576 quotii,

360 2599 500 2688 Pelignis
514 2620 638 2664 caream
652 2597 832 2685 frigoribus,
847 2608 942 2664 tanes.

317 2709 372 2775 Da
387 2709 490 2774 Lunoe
504 2731 640 2796 propere
654 2729 756 2785 novas,

236 2828 276 2886 10
360 2819 416 2885 Da
430 2818 541 2885 Noctis
556 2819 680 2900 mediae,
695 2817 747 2897 da,
762 2838 852 2904 puer,
868 2819 996 2906 auguris

319 2922 482 3000 Murenae3
503 2922 603 2988 tribus
619 2936 673 2988 aut
686 2942 801 2986 novem

364 3032 541 3098 Miscentur
555 3032 675 3120 cyathis
689 3027 803 3118 pocula
817 3023 1001 3098 commodis.

318 3143 384 3221 Qui
400 3142 513 3208 Musas
528 3154 613 3208 amat
626 3136 780 3228 impares,

325 3339 329 3346 .
361 3251 487 3318 Temos
502 3264 550 3318 ter
564 3253 693 3340 cyathos
708 3251 857 3319 attonitus
871 3265 959 3341 petet

236 3377 275 3432 15
318 3365 434 3430 Vates:
456 3375 520 3430 tres
535 3364 683 3451 prohibet
697 3387 792 3451 supra

208 3483 212 3494 “
363 3475 519 3541 Rixarum
533 3487 676 3541 metuens
690 3487 820 3566 tangere
836 3475 959 3558 Gratia,

192 3667 219 3712 11
238 3663 353 3714 Muraenae
364 3665 432 3713 Bou.
449 3663 480 3728 ts.
495 3665 567 3712 Sena
578 3665 632 3714 Lh.
643 3668 682 3714 38.
698 3665 726 3714 Ζ.
803 3669 832 3715 12
841 3664 970 3716 Miscentur
984 3675 1069 3714 omum.
1080 3662 1224 3716 commodum
1237 3663 1299 3727 cosp.
1311 3665 1377 3714 chan.

646 3731 676 3777 15
687 3746 732 3793 pao
742 3737 795 3788 tres,
805 3738 839 3780 ter
850 3732 923 3780 Boou

223 3897 254 3943 18
270 3895 337 3942 Inter
346 3895 443 3942 audaces
448 3915 458 3950 ,·
475 3893 557 3944 raoni
566 3895 678 3944 mannua
689 3911 767 3945 resen„
799 3896 839 3960 piti
850 3896 932 3945 calidas
942 3894 1050 3944 baineass
1066 3901 1090 3944 et
1104 3901 1172 3958 quota
1183 3894 1240 3942 hora
1249 3892 1273 3939 id
1283 3890 1331 3939 fieri
1344 3907 1384 3940 so·

190 3965 229 4007 set.
799 3962 863 4010 leat?

223 4021 297 4088 14st
317 4023 407 4086 spogis
423 4032 519 4085 agrestes
536 4025 575 4072 tibi
595 4025 649 4074 silvo
661 4025 767 4093 frondes,
831 4032 848 4074 8
866 4025 988 4090 Peligniet
999 4025 1111 4074 Samnites
1122 4023 1198 4072 Sabini
1209 4022 1384 4084 erantgsneris.

188 4090 248 4137 hsud
258 4089 324 4138 dubie
334 4089 464 4136 nutantibus
476 4090 646 4156 cacuminibus]
831 4093 913 4140 9'Do
936 4088 1022 4148 Luna,
1046 4091 1075 4138 da
1101 4091 1208 4152 cyathum
1227 4089 1251 4136 in
1268 4089 1381 4135 honorem

222 4157 254 4202 lh
269 4155 366 4211 Fmom
384 4153 492 4214 Vinitor3
511 4155 581 4205 Otdta
588 4154 766 4206 uiaosmmlihe·
799 4157 882 4206 Lunae.

188 4227 260 4268 rotas.
833 4226 863 4270 12
882 4223 1008 4270 Commodis
1017 4237 1060 4284 pro
1066 4221 1148 4282 pletis.

393 4283 466 4334 ODE
482 4284 556 4333 XIX.
832 4289 863 4334 14
883 4288 1000 4334 Anmaitsts
1021 4292 1056 4333 est
1074 4287 1149 4348 poiitae
1168 4284 1290 4347 epitheton,
1314 4281 1380 4328 intuu-

222 4348 238 4393 4
255 4348 405 4397 Homericum
415 4349 523 4399 est'izm
533 4351 550 4399 is
563 4350 591 4398 iu.
798 4346 909 4412 taciturnos
932 4351 1083 4419 tpagmtsou,
1103 4352 1203 4414 agitante
1219 4349 1272 4396 Deo
1284 4347 1380 4393 insoles-

221 4414 236 4459 6
256 4413 312 4487 Quis
322 4429 407 4476 aquom
422 4423 537 4476 tenum
551 4371 635 4464 hialim
649 4417 676 4464 de
686 4419 766 4466 balneo
798 4419 878 4468 centis.
1240 4439 1247 4452 “

187 4475 337 4526 calefaciendo
357 4479 498 4544 intelligeres
529 4482 579 4544 quis
595 4483 694 4546 praebeat
713 4485 766 4533 hos·
834 4488 863 4532 16
881 4484 1011 4534 Moderatio
1018 4483 1106 4533 bibendi
1118 4483 1158 4531 alit
1168 4480 1264 4546 gratiam
1276 4481 1382 4531 conuiuii.
