<?xml version="1.0" encoding="UTF-8"?>
<!DOCTYPE html PUBLIC "-//W3C//DTD XHTML 1.0 Transitional//EN"
    "http://www.w3.org/TR/xhtml1/DTD/xhtml1-transitional.dtd">
<html xmlns="http://www.w3.org/1999/xhtml" xml:lang="en" lang="en">
 <head>
  <title>
</title>
<meta http-equiv="Content-Type" content="text/html;charset=utf-8" />
  <meta name='ocr-system' content='tesseract 3.04.00' />
  <meta name='ocr-capabilities' content='ocr_page ocr_carea ocr_par ocr_line ocrx_word'/>
</head>
<body>
  <div class='ocr_page' id='page_1' title='image "./operacumselecti00horagoog_0399.png"; bbox 0 0 2954 5022; ppageno 0'>
   <div class='ocr_carea' id='block_1_1' title="bbox 201 303 1434 622">
    <p class='ocr_par' dir='ltr' id='par_1_1' title="bbox 201 303 1434 622">
     <span class='ocr_line' id='line_1_1' title="bbox 201 303 1024 384; baseline -0.005 -12"><span class='ocrx_word' id='word_1_1' title='bbox 201 313 264 372; x_wconf 73' lang='grc'><strong>392</strong></span> <span class='ocrx_word' id='word_1_2' title='bbox 553 307 595 384; x_wconf 85' lang='lat' dir='ltr'><strong>Q.</strong></span> <span class='ocrx_word' id='word_1_3' title='bbox 620 303 828 374; x_wconf 84' lang='lat' dir='ltr'>HORATII</span> <span class='ocrx_word' id='word_1_4' title='bbox 851 303 1024 372; x_wconf 82' lang='lat' dir='ltr'>FLACCI</span> 
     </span>
     <span class='ocr_line' id='line_1_2' title="bbox 333 452 1434 622; baseline -0.008 -78"><span class='ocrx_word' id='word_1_5' title='bbox 333 474 476 558; x_wconf 80' lang='lat' dir='ltr'><strong>AEmula,</strong></span> <span class='ocrx_word' id='word_1_6' title='bbox 492 475 547 544; x_wconf 85' lang='lat' dir='ltr'><strong>sed</strong></span> <span class='ocrx_word' id='word_1_7' title='bbox 562 479 665 544; x_wconf 88' lang='lat' dir='ltr'><strong>tenuis</strong></span> <span class='ocrx_word' id='word_1_8' title='bbox 677 479 888 570; x_wconf 58' lang='lat' dir='ltr'><strong>Qquer</strong></span> <span class='ocrx_word' id='word_1_9' title='bbox 901 477 1055 568; x_wconf 61' lang='lat' dir='ltr'><em>Q</em></span> <span class='ocrx_word' id='word_1_10' title='bbox 1069 494 1173 562; x_wconf 85' lang='lat' dir='ltr'><strong>pauco</strong></span> <span class='ocrx_word' id='word_1_11' title='bbox 1281 452 1434 622; x_wconf 50' lang='lat' dir='ltr'><strong>ff-</strong></span> 
     </span>
    </p>
   </div>
   <div class='ocr_carea' id='block_1_2' title="bbox 14 587 1207 2336">
    <p class='ocr_par' dir='ltr' id='par_1_2' title="bbox 14 587 1207 2336">
     <span class='ocr_line' id='line_1_3' title="bbox 330 587 1075 674; baseline 0 -22"><span class='ocrx_word' id='word_1_12' title='bbox 330 587 483 672; x_wconf 87' lang='lat' dir='ltr'><strong>Aspirare</strong></span> <span class='ocrx_word' id='word_1_13' title='bbox 498 603 529 656; x_wconf 91' lang='lat' dir='ltr'><strong>et</strong></span> <span class='ocrx_word' id='word_1_14' title='bbox 543 588 653 656; x_wconf 88' lang='lat' dir='ltr'><strong>adesse</strong></span> <span class='ocrx_word' id='word_1_15' title='bbox 668 590 773 655; x_wconf 91' lang='lat' dir='ltr'><strong>choris</strong></span> <span class='ocrx_word' id='word_1_16' title='bbox 788 602 855 656; x_wconf 89' lang='lat' dir='ltr'><strong>erat</strong></span> <span class='ocrx_word' id='word_1_17' title='bbox 869 588 963 667; x_wconf 88' lang='lat' dir='ltr'><strong>utilis,</strong></span> <span class='ocrx_word' id='word_1_18' title='bbox 980 600 1075 674; x_wconf 88' lang='lat' dir='ltr'><strong>atque</strong></span> 
     </span>
     <span class='ocr_line' id='line_1_4' title="bbox 222 667 1111 786; baseline -0.001 -24"><span class='ocrx_word' id='word_1_19' title='bbox 222 703 287 764; x_wconf 74' lang='lat'><strong>205</strong></span> <span class='ocrx_word' id='word_1_20' title='bbox 331 696 485 764; x_wconf 89' lang='lat' dir='ltr'><strong>Nondum</strong></span> <span class='ocrx_word' id='word_1_21' title='bbox 500 701 600 786; x_wconf 83' lang='lat' dir='ltr'><strong>spissa</strong></span> <span class='ocrx_word' id='word_1_22' title='bbox 613 667 707 766; x_wconf 84' lang='lat' dir='ltr'><strong>nimis</strong></span> <span class='ocrx_word' id='word_1_23' title='bbox 722 701 880 786; x_wconf 87' lang='lat' dir='ltr'><strong>complere</strong></span> <span class='ocrx_word' id='word_1_24' title='bbox 895 698 1005 764; x_wconf 89' lang='lat' dir='ltr'><strong>sedilia</strong></span> <span class='ocrx_word' id='word_1_25' title='bbox 1018 698 1111 776; x_wconf 82' lang='lat' dir='ltr'><strong>flatu3</strong></span> 
     </span>
     <span class='ocr_line' id='line_1_5' title="bbox 332 793 1145 897; baseline -0.001 -25"><span class='ocrx_word' id='word_1_26' title='bbox 332 793 409 885; x_wconf 68' lang='lat' dir='ltr'><strong>Qut</strong></span> <span class='ocrx_word' id='word_1_27' title='bbox 424 793 499 876; x_wconf 66' lang='lat' dir='ltr'><strong>sarie</strong></span> <span class='ocrx_word' id='word_1_28' title='bbox 513 811 650 897; x_wconf 92' lang='lat' dir='ltr'><strong>populus</strong></span> <span class='ocrx_word' id='word_1_29' title='bbox 665 810 879 889; x_wconf 86' lang='lat' dir='ltr'><strong>numerabilis,</strong></span> <span class='ocrx_word' id='word_1_30' title='bbox 895 822 1005 896; x_wconf 78' lang='lat' dir='ltr'>utpote</span> <span class='ocrx_word' id='word_1_31' title='bbox 1019 828 1145 894; x_wconf 84' lang='lat' dir='ltr'><strong>parvus,</strong></span> 
     </span>
     <span class='ocr_line' id='line_1_6' title="bbox 17 917 1067 1036; baseline -0.004 -51"><span class='ocrx_word' id='word_1_32' title='bbox 17 925 269 1036; x_wconf 42' lang='lat' dir='ltr'><strong>&amp;wlff</strong></span> <span class='ocrx_word' id='word_1_33' title='bbox 331 917 375 986; x_wconf 86' lang='lat' dir='ltr'><strong>Et</strong></span> <span class='ocrx_word' id='word_1_34' title='bbox 389 920 483 1010; x_wconf 87' lang='lat' dir='ltr'>frugi,</span> <span class='ocrx_word' id='word_1_35' title='bbox 499 934 664 1010; x_wconf 88' lang='lat' dir='ltr'><strong>castusque</strong></span> <span class='ocrx_word' id='word_1_36' title='bbox 679 921 938 1008; x_wconf 86' lang='lat' dir='ltr'>verecundusque</span> <span class='ocrx_word' id='word_1_37' title='bbox 953 919 1067 984; x_wconf 83' lang='lat' dir='ltr'>coibat.</span> 
     </span>
     <span class='ocr_line' id='line_1_7' title="bbox 14 1027 1207 1139; baseline -0.005 -42"><span class='ocrx_word' id='word_1_38' title='bbox 14 1052 110 1111; x_wconf 64' lang='lat' dir='ltr'><strong>m</strong></span> <span class='ocrx_word' id='word_1_39' title='bbox 120 1043 255 1139; x_wconf 52' lang='lat' dir='ltr'><em>W</em></span> <span class='ocrx_word' id='word_1_40' title='bbox 330 1027 504 1118; x_wconf 89' lang='lat' dir='ltr'><strong>Postquam</strong></span> <span class='ocrx_word' id='word_1_41' title='bbox 519 1033 615 1119; x_wconf 90' lang='lat' dir='ltr'><strong>coepit</strong></span> <span class='ocrx_word' id='word_1_42' title='bbox 629 1056 722 1120; x_wconf 85' lang='lat' dir='ltr'><strong>agros</strong></span> <span class='ocrx_word' id='word_1_43' title='bbox 737 1031 907 1098; x_wconf 86' lang='lat' dir='ltr'><strong>extendere</strong></span> <span class='ocrx_word' id='word_1_44' title='bbox 921 1031 1031 1108; x_wconf 87' lang='lat' dir='ltr'><strong>victor,</strong></span> <span class='ocrx_word' id='word_1_45' title='bbox 1047 1039 1079 1094; x_wconf 90' lang='lat' dir='ltr'><strong>et</strong></span> <span class='ocrx_word' id='word_1_46' title='bbox 1093 1027 1207 1092; x_wconf 85' lang='lat' dir='ltr'><strong>urbem</strong></span> 
     </span>
     <span class='ocr_line' id='line_1_8' title="bbox 19 1122 1024 1230; baseline -0.003 -22"><span class='ocrx_word' id='word_1_47' title='bbox 19 1122 280 1224; x_wconf 46' lang='lat' dir='ltr'><strong>dtassffiuff</strong></span> <span class='ocrx_word' id='word_1_48' title='bbox 333 1137 445 1206; x_wconf 86' lang='lat' dir='ltr'><strong>Latior</strong></span> <span class='ocrx_word' id='word_1_49' title='bbox 459 1143 606 1229; x_wconf 86' lang='lat' dir='ltr'><strong>amplecti</strong></span> <span class='ocrx_word' id='word_1_50' title='bbox 621 1126 740 1222; x_wconf 86' lang='lat' dir='ltr'><strong>murus,</strong></span> <span class='ocrx_word' id='word_1_51' title='bbox 755 1143 892 1228; x_wconf 85' lang='lat' dir='ltr'><strong>vinoque</strong></span> <span class='ocrx_word' id='word_1_52' title='bbox 898 1141 1024 1230; x_wconf 61' lang='lat' dir='ltr'><em>Q</em></span> 
     </span>
     <span class='ocr_line' id='line_1_9' title="bbox 14 1197 955 1374; baseline 0.002 -60"><span class='ocrx_word' id='word_1_53' title='bbox 14 1197 178 1374; x_wconf 43' lang='lat' dir='ltr'><strong>W&amp;</strong></span> <span class='ocrx_word' id='word_1_54' title='bbox 219 1257 285 1339; x_wconf 86' lang='grc'><strong>210</strong></span> <span class='ocrx_word' id='word_1_55' title='bbox 329 1249 452 1316; x_wconf 87' lang='lat' dir='ltr'><strong>Placari</strong></span> <span class='ocrx_word' id='word_1_56' title='bbox 466 1254 578 1340; x_wconf 85' lang='lat' dir='ltr'><strong>genius</strong></span> <span class='ocrx_word' id='word_1_57' title='bbox 590 1253 675 1318; x_wconf 88' lang='lat' dir='ltr'><strong>festis</strong></span> <span class='ocrx_word' id='word_1_58' title='bbox 690 1235 819 1340; x_wconf 73' lang='lat' dir='ltr'><strong>impunis</strong></span> <span class='ocrx_word' id='word_1_59' title='bbox 833 1252 955 1331; x_wconf 90' lang='lat' dir='ltr'><strong>diebus,</strong></span> 
     </span>
     <span class='ocr_line' id='line_1_10' title="bbox 36 1359 1131 1453; baseline -0.004 -23"><span class='ocrx_word' id='word_1_60' title='bbox 36 1359 68 1370; x_wconf 76' lang='grc'><strong>“’</strong></span> <span class='ocrx_word' id='word_1_61' title='bbox 329 1363 473 1429; x_wconf 84' lang='lat' dir='ltr'><strong>Accessit</strong></span> <span class='ocrx_word' id='word_1_62' title='bbox 486 1365 687 1452; x_wconf 82' lang='lat' dir='ltr'><strong>numerisque</strong></span> <span class='ocrx_word' id='word_1_63' title='bbox 702 1365 866 1453; x_wconf 90' lang='lat' dir='ltr'><strong>modisque</strong></span> <span class='ocrx_word' id='word_1_64' title='bbox 881 1363 1006 1428; x_wconf 87' lang='lat' dir='ltr'><strong>licentia</strong></span> <span class='ocrx_word' id='word_1_65' title='bbox 1020 1362 1131 1448; x_wconf 82' lang='lat' dir='ltr'><strong>major.-</strong></span> 
     </span>
     <span class='ocr_line' id='line_1_11' title="bbox 330 1472 1149 1563; baseline -0.006 -23"><span class='ocrx_word' id='word_1_66' title='bbox 330 1473 483 1540; x_wconf 92' lang='lat' dir='ltr'><strong>Iudoctus</strong></span> <span class='ocrx_word' id='word_1_67' title='bbox 497 1476 575 1563; x_wconf 90' lang='lat' dir='ltr'><strong>quid</strong></span> <span class='ocrx_word' id='word_1_68' title='bbox 589 1477 673 1540; x_wconf 88' lang='lat' dir='ltr'><strong>enim</strong></span> <span class='ocrx_word' id='word_1_69' title='bbox 689 1489 821 1562; x_wconf 79' lang='lat' dir='ltr'><strong>saperet,</strong></span> <span class='ocrx_word' id='word_1_70' title='bbox 838 1472 980 1560; x_wconf 86' lang='lat' dir='ltr'><strong>liber&#39;que</strong></span> <span class='ocrx_word' id='word_1_71' title='bbox 993 1472 1149 1549; x_wconf 86' lang='lat' dir='ltr'><strong>laborum,</strong></span> 
     </span>
     <span class='ocr_line' id='line_1_12' title="bbox 329 1581 1078 1669; baseline -0.005 -19"><span class='ocrx_word' id='word_1_72' title='bbox 329 1585 478 1650; x_wconf 89' lang='lat' dir='ltr'><strong>Rusticus</strong></span> <span class='ocrx_word' id='word_1_73' title='bbox 494 1588 616 1652; x_wconf 86' lang='lat' dir='ltr'><strong>urbano</strong></span> <span class='ocrx_word' id='word_1_74' title='bbox 630 1588 788 1664; x_wconf 81' lang='lat' dir='ltr'><strong>confusus,</strong></span> <span class='ocrx_word' id='word_1_75' title='bbox 805 1585 905 1669; x_wconf 89' lang='lat' dir='ltr'><strong>turpis</strong></span> <span class='ocrx_word' id='word_1_76' title='bbox 921 1581 1078 1648; x_wconf 87' lang='lat' dir='ltr'><strong>honesto?</strong></span> 
     </span>
     <span class='ocr_line' id='line_1_13' title="bbox 153 1694 1137 1788; baseline -0.006 -25"><span class='ocrx_word' id='word_1_77' title='bbox 153 1783 155 1788; x_wconf 14' lang='grc' dir='ltr'><strong><em>Α</em></strong></span> <span class='ocrx_word' id='word_1_78' title='bbox 329 1696 381 1762; x_wconf 88' lang='lat' dir='ltr'><strong>Sic</strong></span> <span class='ocrx_word' id='word_1_79' title='bbox 395 1697 509 1782; x_wconf 88' lang='lat' dir='ltr'><strong>priscae</strong></span> <span class='ocrx_word' id='word_1_80' title='bbox 524 1707 707 1785; x_wconf 91' lang='lat' dir='ltr'><strong>motumque</strong></span> <span class='ocrx_word' id='word_1_81' title='bbox 722 1709 756 1762; x_wconf 90' lang='lat' dir='ltr'><strong>et</strong></span> <span class='ocrx_word' id='word_1_82' title='bbox 769 1697 925 1760; x_wconf 88' lang='lat' dir='ltr'><strong>luxuriem</strong></span> <span class='ocrx_word' id='word_1_83' title='bbox 941 1694 1063 1760; x_wconf 87' lang='lat' dir='ltr'><strong>addidit</strong></span> <span class='ocrx_word' id='word_1_84' title='bbox 1077 1694 1137 1758; x_wconf 87' lang='lat' dir='ltr'><strong>arti</strong></span> 
     </span>
     <span class='ocr_line' id='line_1_14' title="bbox 189 1805 1127 1904; baseline -0.002 -32"><span class='ocrx_word' id='word_1_85' title='bbox 189 1813 284 1904; x_wconf 32' lang='lat' dir='ltr'><strong>„als</strong></span> <span class='ocrx_word' id='word_1_86' title='bbox 329 1805 475 1885; x_wconf 87' lang='lat' dir='ltr'><strong>Tibicen,</strong></span> <span class='ocrx_word' id='word_1_87' title='bbox 492 1808 649 1895; x_wconf 82' lang='lat' dir='ltr'><strong>traxitque</strong></span> <span class='ocrx_word' id='word_1_88' title='bbox 664 1830 761 1894; x_wconf 85' lang='lat' dir='ltr'><strong>vagus</strong></span> <span class='ocrx_word' id='word_1_89' title='bbox 776 1829 834 1892; x_wconf 91' lang='lat' dir='ltr'><strong>per</strong></span> <span class='ocrx_word' id='word_1_90' title='bbox 853 1807 975 1892; x_wconf 88' lang='lat' dir='ltr'><strong>pulpita</strong></span> <span class='ocrx_word' id='word_1_91' title='bbox 989 1818 1127 1872; x_wconf 88' lang='lat' dir='ltr'><strong>vestem:</strong></span> 
     </span>
     <span class='ocr_line' id='line_1_15' title="bbox 49 1887 1010 2006; baseline -0.002 -22"><span class='ocrx_word' id='word_1_92' title='bbox 49 1987 54 1998; x_wconf 72' lang='grc'><em>,</em></span> <span class='ocrx_word' id='word_1_93' title='bbox 115 1887 237 1960; x_wconf 52' lang='lat' dir='ltr'><strong>W·</strong></span> <span class='ocrx_word' id='word_1_94' title='bbox 329 1917 382 1983; x_wconf 87' lang='lat' dir='ltr'><strong>Sic</strong></span> <span class='ocrx_word' id='word_1_95' title='bbox 396 1917 490 1982; x_wconf 89' lang='lat' dir='ltr'><strong>etiam</strong></span> <span class='ocrx_word' id='word_1_96' title='bbox 505 1917 621 1982; x_wconf 88' lang='lat' dir='ltr'><strong>fidibus</strong></span> <span class='ocrx_word' id='word_1_97' title='bbox 636 1941 728 2006; x_wconf 62' lang='lat' dir='ltr'><strong>QS</strong></span> <span class='ocrx_word' id='word_1_98' title='bbox 743 1897 870 1982; x_wconf 76' lang='lat' dir='ltr'><strong>creviire</strong></span> <span class='ocrx_word' id='word_1_99' title='bbox 884 1918 1010 2004; x_wconf 58' lang='lat' dir='ltr'><strong>§uada</strong></span> 
     </span>
     <span class='ocr_line' id='line_1_16' title="bbox 336 2025 1151 2116; baseline 0 -24"><span class='ocrx_word' id='word_1_100' title='bbox 336 2025 380 2092; x_wconf 87' lang='lat' dir='ltr'><strong>Et</strong></span> <span class='ocrx_word' id='word_1_101' title='bbox 394 2027 465 2092; x_wconf 91' lang='lat' dir='ltr'><strong>tulit</strong></span> <span class='ocrx_word' id='word_1_102' title='bbox 479 2027 638 2116; x_wconf 90' lang='lat' dir='ltr'><strong>eloquium</strong></span> <span class='ocrx_word' id='word_1_103' title='bbox 654 2028 813 2093; x_wconf 86' lang='lat' dir='ltr'><strong>insolitum</strong></span> <span class='ocrx_word' id='word_1_104' title='bbox 829 2028 974 2093; x_wconf 87' lang='lat' dir='ltr'><strong>facundia</strong></span> <span class='ocrx_word' id='word_1_105' title='bbox 988 2050 1151 2114; x_wconf 84' lang='lat' dir='ltr'><strong>praeceps;</strong></span> 
     </span>
     <span class='ocr_line' id='line_1_17' title="bbox 331 2135 1065 2226; baseline 0.003 -24"><span class='ocrx_word' id='word_1_106' title='bbox 331 2135 530 2224; x_wconf 88' lang='lat' dir='ltr'><strong>Utiliumque</strong></span> <span class='ocrx_word' id='word_1_107' title='bbox 545 2161 644 2226; x_wconf 83' lang='lat' dir='ltr'><strong>sagax</strong></span> <span class='ocrx_word' id='word_1_108' title='bbox 658 2161 774 2216; x_wconf 90' lang='lat' dir='ltr'><strong>rerum,</strong></span> <span class='ocrx_word' id='word_1_109' title='bbox 791 2151 823 2202; x_wconf 92' lang='lat' dir='ltr'><strong>et</strong></span> <span class='ocrx_word' id='word_1_110' title='bbox 837 2138 943 2203; x_wconf 84' lang='lat' dir='ltr'><strong>divina</strong></span> <span class='ocrx_word' id='word_1_111' title='bbox 957 2139 1065 2218; x_wconf 89' lang='lat' dir='ltr'><strong>futuri,</strong></span> 
     </span>
     <span class='ocr_line' id='line_1_18' title="bbox 332 2239 1088 2336; baseline 0.003 -24"><span class='ocrx_word' id='word_1_112' title='bbox 332 2239 494 2336; x_wconf 86' lang='lat' dir='ltr'><strong>Sortilegis</strong></span> <span class='ocrx_word' id='word_1_113' title='bbox 509 2269 574 2312; x_wconf 91' lang='lat' dir='ltr'><strong>nou</strong></span> <span class='ocrx_word' id='word_1_114' title='bbox 589 2249 760 2334; x_wconf 87' lang='lat' dir='ltr'><strong>discrepuit</strong></span> <span class='ocrx_word' id='word_1_115' title='bbox 775 2250 928 2314; x_wconf 88' lang='lat' dir='ltr'><strong>sententia</strong></span> <span class='ocrx_word' id='word_1_116' title='bbox 942 2250 1088 2335; x_wconf 89' lang='lat' dir='ltr'><strong>Delphis.</strong></span> 
     </span>
    </p>
   </div>
   <div class='ocr_carea' id='block_1_3' title="bbox 122 2357 1141 2450">
    <p class='ocr_par' dir='ltr' id='par_1_3' title="bbox 122 2357 1141 2450">
     <span class='ocr_line' id='line_1_19' title="bbox 122 2357 1141 2450; baseline -0.001 -25"><span class='ocrx_word' id='word_1_117' title='bbox 122 2443 127 2450; x_wconf 89' lang='lat'><strong>.</strong></span> <span class='ocrx_word' id='word_1_118' title='bbox 223 2366 286 2426; x_wconf 85' lang='grc'><strong>220</strong></span> <span class='ocrx_word' id='word_1_119' title='bbox 331 2357 481 2422; x_wconf 82' lang='lat' dir='ltr'><strong>Carmine</strong></span> <span class='ocrx_word' id='word_1_120' title='bbox 496 2358 549 2445; x_wconf 90' lang='lat' dir='ltr'><strong>qui</strong></span> <span class='ocrx_word' id='word_1_121' title='bbox 564 2359 684 2444; x_wconf 88' lang='lat' dir='ltr'><strong>tragico</strong></span> <span class='ocrx_word' id='word_1_122' title='bbox 699 2359 792 2422; x_wconf 89' lang='lat' dir='ltr'><strong>vilem</strong></span> <span class='ocrx_word' id='word_1_123' title='bbox 807 2360 936 2423; x_wconf 88' lang='lat' dir='ltr'><strong>certavit</strong></span> <span class='ocrx_word' id='word_1_124' title='bbox 950 2360 992 2424; x_wconf 93' lang='lat' dir='ltr'><strong>ob</strong></span> <span class='ocrx_word' id='word_1_125' title='bbox 1008 2361 1141 2446; x_wconf 81' lang='lat' dir='ltr'><strong>hircum,</strong></span> 
     </span>
    </p>
   </div>
   <div class='ocr_carea' id='block_1_4' title="bbox 17 2441 1413 2622">
    <p class='ocr_par' dir='ltr' id='par_1_4' title="bbox 17 2441 1413 2622">
     <span class='ocr_line' id='line_1_20' title="bbox 17 2441 1413 2622; baseline 0.002 -87"><span class='ocrx_word' id='word_1_126' title='bbox 17 2499 133 2614; x_wconf 56' lang='lat' dir='ltr'><em>W</em></span> <span class='ocrx_word' id='word_1_127' title='bbox 329 2467 414 2535; x_wconf 91' lang='lat' dir='ltr'><strong>Mox</strong></span> <span class='ocrx_word' id='word_1_128' title='bbox 429 2469 523 2534; x_wconf 87' lang='lat' dir='ltr'><strong>etiam</strong></span> <span class='ocrx_word' id='word_1_129' title='bbox 538 2482 675 2556; x_wconf 85' lang='lat' dir='ltr'><strong>agrestes</strong></span> <span class='ocrx_word' id='word_1_130' title='bbox 693 2470 821 2554; x_wconf 88' lang='lat' dir='ltr'><strong>Satyros</strong></span> <span class='ocrx_word' id='word_1_131' title='bbox 835 2469 976 2548; x_wconf 76' lang='lat' dir='ltr'><strong>nudavit,</strong></span> <span class='ocrx_word' id='word_1_132' title='bbox 992 2483 1132 2566; x_wconf 58' lang='lat' dir='ltr'><strong>etffiper</strong></span> <span class='ocrx_word' id='word_1_133' title='bbox 1214 2441 1413 2622; x_wconf 54' lang='lat' dir='ltr'><strong>m</strong></span> 
     </span>
    </p>
   </div>
   <div class='ocr_carea' id='block_1_5' title="bbox 17 2517 1078 2674">
    <p class='ocr_par' dir='ltr' id='par_1_5' title="bbox 17 2517 1078 2674">
     <span class='ocr_line' id='line_1_21' title="bbox 17 2517 1078 2674; baseline 0.014 -42"><span class='ocrx_word' id='word_1_134' title='bbox 17 2517 291 2672; x_wconf 52' lang='lat' dir='ltr'><em>M</em></span> <span class='ocrx_word' id='word_1_135' title='bbox 329 2576 487 2644; x_wconf 86' lang='lat' dir='ltr'><strong>Incolumi</strong></span> <span class='ocrx_word' id='word_1_136' title='bbox 498 2578 649 2674; x_wconf 80' lang='lat' dir='ltr'><strong>revitate</strong></span> <span class='ocrx_word' id='word_1_137' title='bbox 658 2579 767 2664; x_wconf 87' lang='lat' dir='ltr'><strong>jocum</strong></span> <span class='ocrx_word' id='word_1_138' title='bbox 783 2580 922 2659; x_wconf 85' lang='lat' dir='ltr'><strong>tentavit,</strong></span> <span class='ocrx_word' id='word_1_139' title='bbox 938 2563 979 2644; x_wconf 73' lang='lat' dir='ltr'><strong>ed</strong></span> <span class='ocrx_word' id='word_1_140' title='bbox 991 2582 1078 2668; x_wconf 92' lang='lat' dir='ltr'><strong>quod</strong></span> 
     </span>
    </p>
   </div>
   <div class='ocr_carea' id='block_1_6' title="bbox 335 2671 1065 2776">
    <p class='ocr_par' dir='ltr' id='par_1_6' title="bbox 335 2671 1065 2776">
     <span class='ocr_line' id='line_1_22' title="bbox 335 2671 1065 2776; baseline 0 -20"><span class='ocrx_word' id='word_1_141' title='bbox 335 2689 495 2756; x_wconf 90' lang='lat' dir='ltr'><strong>Illecebris</strong></span> <span class='ocrx_word' id='word_1_142' title='bbox 510 2701 578 2754; x_wconf 86' lang='lat' dir='ltr'><strong>erat</strong></span> <span class='ocrx_word' id='word_1_143' title='bbox 592 2701 624 2754; x_wconf 91' lang='lat' dir='ltr'><strong>et</strong></span> <span class='ocrx_word' id='word_1_144' title='bbox 636 2671 727 2776; x_wconf 72' lang='lat' dir='ltr'><strong>gratia</strong></span> <span class='ocrx_word' id='word_1_145' title='bbox 740 2689 878 2754; x_wconf 88' lang='lat' dir='ltr'><strong>novitate</strong></span> <span class='ocrx_word' id='word_1_146' title='bbox 892 2691 1065 2756; x_wconf 89' lang='lat' dir='ltr'><strong>morandus</strong></span> 
     </span>
    </p>
   </div>
   <div class='ocr_carea' id='block_1_7' title="bbox 334 2769 1462 2906">
    <p class='ocr_par' dir='ltr' id='par_1_7' title="bbox 334 2769 1462 2906">
     <span class='ocr_line' id='line_1_23' title="bbox 334 2769 1462 2906; baseline -0.008 -38"><span class='ocrx_word' id='word_1_147' title='bbox 334 2801 508 2888; x_wconf 82' lang='lat' dir='ltr'><strong>Spectator,</strong></span> <span class='ocrx_word' id='word_1_148' title='bbox 520 2799 707 2886; x_wconf 88' lang='lat' dir='ltr'><strong>functusque</strong></span> <span class='ocrx_word' id='word_1_149' title='bbox 721 2799 827 2879; x_wconf 87' lang='lat' dir='ltr'><strong>sacris,</strong></span> <span class='ocrx_word' id='word_1_150' title='bbox 843 2813 875 2866; x_wconf 90' lang='lat' dir='ltr'><strong>et</strong></span> <span class='ocrx_word' id='word_1_151' title='bbox 888 2815 992 2887; x_wconf 91' lang='lat' dir='ltr'><strong>potus,</strong></span> <span class='ocrx_word' id='word_1_152' title='bbox 1008 2815 1040 2868; x_wconf 90' lang='lat' dir='ltr'><strong>et</strong></span> <span class='ocrx_word' id='word_1_153' title='bbox 1052 2805 1158 2906; x_wconf 48' lang='lat'><strong>§12⁸⁹</strong></span> <span class='ocrx_word' id='word_1_154' title='bbox 1231 2769 1462 2889; x_wconf 46' lang='grc' dir='ltr'><strong>ΝΛΜ</strong></span> 
     </span>
    </p>
   </div>
   <div class='ocr_carea' id='block_1_8' title="bbox 201 3007 1392 3158">
    <p class='ocr_par' dir='ltr' id='par_1_8' title="bbox 201 3007 1392 3158">
     <span class='ocr_line' id='line_1_24' title="bbox 201 3007 1392 3108; baseline 0.003 -16"><span class='ocrx_word' id='word_1_155' title='bbox 201 3007 407 3108; x_wconf 70' lang='lat' dir='ltr'><strong>stopaulus</strong></span> <span class='ocrx_word' id='word_1_156' title='bbox 425 3043 524 3094; x_wconf 81' lang='lat' dir='ltr'><strong>Helmst.</strong></span> <span class='ocrx_word' id='word_1_157' title='bbox 586 3043 634 3089; x_wconf 91' lang='grc'><strong>206</strong></span> <span class='ocrx_word' id='word_1_158' title='bbox 651 3055 732 3103; x_wconf 81' lang='lat' dir='ltr'><strong>parcus</strong></span> <span class='ocrx_word' id='word_1_159' title='bbox 749 3041 809 3104; x_wconf 79' lang='lat' dir='ltr'><strong>conj.</strong></span> <span class='ocrx_word' id='word_1_160' title='bbox 828 3043 911 3090; x_wconf 77' lang='lat' dir='ltr'><strong>Fater.</strong></span> <span class='ocrx_word' id='word_1_161' title='bbox 976 3047 1023 3094; x_wconf 84' lang='grc'><strong>208</strong></span> <span class='ocrx_word' id='word_1_162' title='bbox 1040 3047 1106 3095; x_wconf 86' lang='lat' dir='ltr'><strong>urbes</strong></span> <span class='ocrx_word' id='word_1_163' title='bbox 1125 3048 1195 3096; x_wconf 74' lang='lat' dir='ltr'><strong>Mus</strong></span> <span class='ocrx_word' id='word_1_164' title='bbox 1214 3051 1237 3098; x_wconf 81' lang='lat'><strong>4.</strong></span> <span class='ocrx_word' id='word_1_165' title='bbox 1252 3051 1352 3100; x_wconf 67' lang='lat' dir='ltr'><strong>uam.</strong></span> <span class='ocrx_word' id='word_1_166' title='bbox 1370 3055 1392 3096; x_wconf 77' lang='lat' dir='ltr'><strong>at</strong></span> 
     </span>
     <span class='ocr_line' id='line_1_25' title="bbox 598 3107 989 3158; baseline 0.008 -4"><span class='ocrx_word' id='word_1_167' title='bbox 598 3107 697 3154; x_wconf 77' lang='lat' dir='ltr'><strong>Hetrust.</strong></span> <span class='ocrx_word' id='word_1_168' title='bbox 762 3109 810 3156; x_wconf 88' lang='grc'><strong>220</strong></span> <span class='ocrx_word' id='word_1_169' title='bbox 827 3108 989 3158; x_wconf 66' lang='lat' dir='ltr'><strong>mariscae.</strong></span> 
     </span>
    </p>
   </div>
   <div class='ocr_carea' id='block_1_9' title="bbox 189 3315 1462 4477">
    <p class='ocr_par' dir='ltr' id='par_1_9' title="bbox 189 3315 1462 4477">
     <span class='ocr_line' id='line_1_26' title="bbox 230 3315 1222 3380; baseline 0.001 -16"><span class='ocrx_word' id='word_1_170' title='bbox 230 3317 279 3364; x_wconf 82' lang='grc'><strong>203</strong></span> <span class='ocrx_word' id='word_1_171' title='bbox 297 3315 420 3364; x_wconf 71' lang='lat' dir='ltr'><strong>Ferentino</strong></span> <span class='ocrx_word' id='word_1_172' title='bbox 432 3328 524 3375; x_wconf 82' lang='lat' dir='ltr'><strong>puuco‚·</strong></span> <span class='ocrx_word' id='word_1_173' title='bbox 551 3315 622 3360; x_wconf 68' lang='lat' dir='ltr'><strong>Varro</strong></span> <span class='ocrx_word' id='word_1_174' title='bbox 637 3315 669 3360; x_wconf 80' lang='lat' dir='ltr'><strong>uit</strong></span> <span class='ocrx_word' id='word_1_175' title='bbox 680 3321 779 3377; x_wconf 75' lang='lat' dir='ltr'><strong>qsmtcwr</strong></span> <span class='ocrx_word' id='word_1_176' title='bbox 842 3316 889 3361; x_wconf 83' lang='grc'><strong>218</strong></span> <span class='ocrx_word' id='word_1_177' title='bbox 906 3315 1011 3372; x_wconf 54' lang='lat' dir='ltr'><strong>Divinas</strong></span> <span class='ocrx_word' id='word_1_178' title='bbox 1027 3332 1105 3379; x_wconf 84' lang='lat' dir='ltr'><strong>gnara,</strong></span> <span class='ocrx_word' id='word_1_179' title='bbox 1116 3318 1222 3380; x_wconf 84' lang='lat' dir='ltr'><strong>prudens.</strong></span> 
     </span>
     <span class='ocr_line' id='line_1_27' title="bbox 189 3380 1390 3447; baseline 0 -19"><span class='ocrx_word' id='word_1_180' title='bbox 189 3380 418 3447; x_wconf 63' lang='lat' dir='ltr'><strong>fimusiuumfubse</strong></span> <span class='ocrx_word' id='word_1_181' title='bbox 428 3381 492 3427; x_wconf 69' lang='lat' dir='ltr'><strong>tidros</strong></span> <span class='ocrx_word' id='word_1_182' title='bbox 501 3381 565 3440; x_wconf 79' lang='lat' dir='ltr'><strong>apud</strong></span> <span class='ocrx_word' id='word_1_183' title='bbox 575 3380 687 3442; x_wconf 80' lang='lat' dir='ltr'><strong>aruiquos.</strong></span> <span class='ocrx_word' id='word_1_184' title='bbox 841 3383 889 3427; x_wconf 89' lang='grc'><strong>220</strong></span> <span class='ocrx_word' id='word_1_185' title='bbox 904 3381 935 3428; x_wconf 85' lang='lat' dir='ltr'><strong>Ob</strong></span> <span class='ocrx_word' id='word_1_186' title='bbox 946 3383 1036 3428; x_wconf 81' lang='lat' dir='ltr'><strong>hircum</strong></span> <span class='ocrx_word' id='word_1_187' title='bbox 1042 3404 1051 3437; x_wconf 89' lang='lat'><strong>,·</strong></span> <span class='ocrx_word' id='word_1_188' title='bbox 1068 3383 1148 3428; x_wconf 87' lang='lat' dir='ltr'><strong>victori</strong></span> <span class='ocrx_word' id='word_1_189' title='bbox 1156 3384 1248 3430; x_wconf 83' lang='lat' dir='ltr'><strong>dabatur</strong></span> <span class='ocrx_word' id='word_1_190' title='bbox 1255 3382 1342 3439; x_wconf 82' lang='lat' dir='ltr'><strong>hircus,</strong></span> <span class='ocrx_word' id='word_1_191' title='bbox 1354 3381 1390 3444; x_wconf 87' lang='lat' dir='ltr'><strong>qui</strong></span> 
     </span>
     <span class='ocr_line' id='line_1_28' title="bbox 232 3445 1389 3506; baseline -0.001 -13"><span class='ocrx_word' id='word_1_192' title='bbox 232 3447 281 3494; x_wconf 73' lang='lat'><strong>204</strong></span> <span class='ocrx_word' id='word_1_193' title='bbox 298 3446 381 3492; x_wconf 79' lang='lat' dir='ltr'><strong>Adesse</strong></span> <span class='ocrx_word' id='word_1_194' title='bbox 398 3445 484 3500; x_wconf 64' lang='lat' dir='ltr'><strong>clamuf</strong></span> <span class='ocrx_word' id='word_1_195' title='bbox 501 3445 580 3506; x_wconf 87' lang='lat' dir='ltr'><strong>supple</strong></span> <span class='ocrx_word' id='word_1_196' title='bbox 596 3453 705 3491; x_wconf 78' lang='lat' dir='ltr'><strong>tantum:</strong></span> <span class='ocrx_word' id='word_1_197' title='bbox 724 3459 777 3492; x_wconf 84' lang='lat' dir='ltr'><strong>nam</strong></span> <span class='ocrx_word' id='word_1_198' title='bbox 810 3445 838 3492; x_wconf 92' lang='lat' dir='ltr'><strong>ob</strong></span> <span class='ocrx_word' id='word_1_199' title='bbox 853 3445 930 3492; x_wconf 80' lang='lat' dir='ltr'><strong>laesam</strong></span> <span class='ocrx_word' id='word_1_200' title='bbox 941 3447 1010 3492; x_wconf 87' lang='lat' dir='ltr'><strong>vitem</strong></span> <span class='ocrx_word' id='word_1_201' title='bbox 1022 3445 1114 3493; x_wconf 88' lang='lat' dir='ltr'><strong>Baccho</strong></span> <span class='ocrx_word' id='word_1_202' title='bbox 1126 3447 1205 3494; x_wconf 85' lang='lat' dir='ltr'><strong>deinde</strong></span> <span class='ocrx_word' id='word_1_203' title='bbox 1216 3448 1389 3496; x_wconf 83' lang='lat' dir='ltr'><strong>immolabatur:</strong></span> 
     </span>
     <span class='ocr_line' id='line_1_29' title="bbox 199 3508 1389 3579; baseline 0.002 -22"><span class='ocrx_word' id='word_1_204' title='bbox 199 3511 228 3560; x_wconf 88' lang='lat' dir='ltr'><strong>ad</strong></span> <span class='ocrx_word' id='word_1_205' title='bbox 247 3511 321 3558; x_wconf 84' lang='lat' dir='ltr'><strong>tibiam</strong></span> <span class='ocrx_word' id='word_1_206' title='bbox 342 3510 450 3557; x_wconf 71' lang='lat' dir='ltr'><strong>saliebant</strong></span> <span class='ocrx_word' id='word_1_207' title='bbox 461 3510 538 3559; x_wconf 82' lang='lat' dir='ltr'><strong>chori:</strong></span> <span class='ocrx_word' id='word_1_208' title='bbox 557 3517 577 3556; x_wconf 85' lang='lat' dir='ltr'><strong>et</strong></span> <span class='ocrx_word' id='word_1_209' title='bbox 592 3524 662 3556; x_wconf 75' lang='lat' dir='ltr'><strong>mnus</strong></span> <span class='ocrx_word' id='word_1_210' title='bbox 676 3508 725 3570; x_wconf 67' lang='lat' dir='ltr'><strong>ejus</strong></span> <span class='ocrx_word' id='word_1_211' title='bbox 742 3510 777 3555; x_wconf 77' lang='lat' dir='ltr'><strong>vir</strong></span> <span class='ocrx_word' id='word_1_212' title='bbox 809 3511 883 3556; x_wconf 87' lang='lat' dir='ltr'><strong>hircus</strong></span> <span class='ocrx_word' id='word_1_213' title='bbox 895 3519 976 3567; x_wconf 82' lang='lat' dir='ltr'><strong>autern,</strong></span> <span class='ocrx_word' id='word_1_214' title='bbox 990 3511 1079 3558; x_wconf 85' lang='lat' dir='ltr'><strong>Graecis</strong></span> <span class='ocrx_word' id='word_1_215' title='bbox 1096 3512 1185 3579; x_wconf 56' lang='grc' dir='ltr'><strong>τράγος,</strong></span> <span class='ocrx_word' id='word_1_216' title='bbox 1198 3512 1332 3574; x_wconf 82' lang='lat' dir='ltr'><strong>Tragoediae</strong></span> <span class='ocrx_word' id='word_1_217' title='bbox 1348 3528 1389 3559; x_wconf 88' lang='lat' dir='ltr'><strong>uo·</strong></span> 
     </span>
     <span class='ocr_line' id='line_1_30' title="bbox 200 3575 1129 3635; baseline -0.006 -10"><span class='ocrx_word' id='word_1_218' title='bbox 200 3577 335 3625; x_wconf 70' lang='lat' dir='ltr'><strong>audiebatur</strong></span> <span class='ocrx_word' id='word_1_219' title='bbox 341 3590 385 3635; x_wconf 80' lang='lat' dir='ltr'><strong>per</strong></span> <span class='ocrx_word' id='word_1_220' title='bbox 395 3583 465 3621; x_wconf 86' lang='lat' dir='ltr'><strong>totam</strong></span> <span class='ocrx_word' id='word_1_221' title='bbox 475 3590 573 3623; x_wconf 75' lang='lat' dir='ltr'><strong>scateam.</strong></span> <span class='ocrx_word' id='word_1_222' title='bbox 809 3591 861 3622; x_wconf 90' lang='lat' dir='ltr'><strong>men</strong></span> <span class='ocrx_word' id='word_1_223' title='bbox 873 3575 941 3621; x_wconf 91' lang='lat' dir='ltr'><strong>dedit.</strong></span> <span class='ocrx_word' id='word_1_224' title='bbox 1127 3580 1129 3584; x_wconf 89' lang='grc'><strong>’</strong></span> 
     </span>
     <span class='ocr_line' id='line_1_31' title="bbox 232 3637 1390 3751; baseline -0.002 -62"><span class='ocrx_word' id='word_1_225' title='bbox 232 3644 280 3705; x_wconf 84' lang='grc'><strong>209</strong></span> <span class='ocrx_word' id='word_1_226' title='bbox 297 3640 379 3688; x_wconf 76' lang='lat' dir='ltr'><strong>Latiar</strong></span> <span class='ocrx_word' id='word_1_227' title='bbox 389 3647 547 3687; x_wconf 88' lang='lat' dir='ltr'><strong>estextensam</strong></span> <span class='ocrx_word' id='word_1_228' title='bbox 556 3637 706 3686; x_wconf 86' lang='lat' dir='ltr'><strong>latiusurbern</strong></span> <span class='ocrx_word' id='word_1_229' title='bbox 716 3654 778 3687; x_wconf 89' lang='lat' dir='ltr'><strong>com·</strong></span> <span class='ocrx_word' id='word_1_230' title='bbox 811 3642 888 3751; x_wconf 86' lang='grc' dir='ltr'><strong>Τ221</strong></span> <span class='ocrx_word' id='word_1_231' title='bbox 908 3639 1023 3700; x_wconf 84' lang='lat' dir='ltr'><strong>Satyricus</strong></span> <span class='ocrx_word' id='word_1_232' title='bbox 1043 3639 1134 3692; x_wconf 84' lang='lat' dir='ltr'><strong>Chorus</strong></span> <span class='ocrx_word' id='word_1_233' title='bbox 1152 3642 1216 3689; x_wconf 89' lang='lat' dir='ltr'><strong>initio</strong></span> <span class='ocrx_word' id='word_1_234' title='bbox 1230 3642 1325 3692; x_wconf 71' lang='lat' dir='ltr'><strong>rustica</strong></span> <span class='ocrx_word' id='word_1_235' title='bbox 1344 3647 1390 3690; x_wconf 77' lang='lat' dir='ltr'><strong>erit</strong></span> 
     </span>
     <span class='ocr_line' id='line_1_32' title="bbox 215 3705 949 3754; baseline -0.001 -1"><span class='ocrx_word' id='word_1_236' title='bbox 215 3705 287 3754; x_wconf 72' lang='lat' dir='ltr'><strong>lexus&#39;.</strong></span> <span class='ocrx_word' id='word_1_237' title='bbox 834 3721 844 3750; x_wconf 94' lang='lat' dir='ltr'><strong>r</strong></span> <span class='ocrx_word' id='word_1_238' title='bbox 876 3705 949 3752; x_wconf 90' lang='lat' dir='ltr'><strong>oediae.</strong></span> 
     </span>
     <span class='ocr_line' id='line_1_33' title="bbox 200 3719 1386 3832; baseline -0.001 -14"><span class='ocrx_word' id='word_1_239' title='bbox 200 3722 216 3772; x_wconf 70' lang='lat' dir='ltr'><strong>P</strong></span> <span class='ocrx_word' id='word_1_240' title='bbox 238 3772 336 3832; x_wconf 69' lang='lat' dir='ltr'><strong>tumque</strong></span> <span class='ocrx_word' id='word_1_241' title='bbox 347 3771 448 3826; x_wconf 66' lang='lat' dir='ltr'><strong>diarum</strong></span> <span class='ocrx_word' id='word_1_242' title='bbox 463 3783 505 3817; x_wconf 77' lang='lat' dir='ltr'><strong>uec</strong></span> <span class='ocrx_word' id='word_1_243' title='bbox 512 3775 603 3829; x_wconf 75' lang='lat' dir='ltr'><strong>partem</strong></span> <span class='ocrx_word' id='word_1_244' title='bbox 613 3769 679 3815; x_wconf 75' lang='lat' dir='ltr'><strong>sum</strong></span> <span class='ocrx_word' id='word_1_245' title='bbox 690 3769 778 3816; x_wconf 70' lang='lat' dir='ltr'><strong>demae</strong></span> <span class='ocrx_word' id='word_1_246' title='bbox 843 3719 966 3825; x_wconf 53' lang='lat' dir='ltr'><strong>itgludnvioe</strong></span> <span class='ocrx_word' id='word_1_247' title='bbox 978 3785 1030 3816; x_wconf 88' lang='lat' dir='ltr'><strong>nam</strong></span> <span class='ocrx_word' id='word_1_248' title='bbox 1039 3771 1113 3818; x_wconf 83' lang='lat' dir='ltr'><strong>nudus</strong></span> <span class='ocrx_word' id='word_1_249' title='bbox 1121 3779 1168 3819; x_wconf 85' lang='lat' dir='ltr'><strong>erat</strong></span> <span class='ocrx_word' id='word_1_250' title='bbox 1179 3773 1317 3820; x_wconf 81' lang='lat' dir='ltr'><strong>rusticorum</strong></span> <span class='ocrx_word' id='word_1_251' title='bbox 1327 3770 1386 3820; x_wconf 81' lang='lat' dir='ltr'><strong>Che-</strong></span> 
     </span>
     <span class='ocr_line' id='line_1_34' title="bbox 200 3833 1386 3898; baseline -0.003 -15"><span class='ocrx_word' id='word_1_252' title='bbox 200 3837 229 3884; x_wconf 80' lang='lat' dir='ltr'><strong>de</strong></span> <span class='ocrx_word' id='word_1_253' title='bbox 238 3837 281 3886; x_wconf 73' lang='lat' dir='ltr'><strong>dia</strong></span> <span class='ocrx_word' id='word_1_254' title='bbox 314 3833 358 3881; x_wconf 86' lang='lat' dir='ltr'><strong>od.</strong></span> <span class='ocrx_word' id='word_1_255' title='bbox 371 3839 393 3882; x_wconf 90' lang='lat'><strong>1.</strong></span> <span class='ocrx_word' id='word_1_256' title='bbox 406 3837 427 3882; x_wconf 92' lang='lat' dir='ltr'><strong>l.</strong></span> <span class='ocrx_word' id='word_1_257' title='bbox 438 3837 478 3881; x_wconf 91' lang='grc'><strong>20.</strong></span> <span class='ocrx_word' id='word_1_258' title='bbox 809 3849 854 3888; x_wconf 84' lang='lat' dir='ltr'><strong>rus,</strong></span> <span class='ocrx_word' id='word_1_259' title='bbox 866 3835 908 3880; x_wconf 89' lang='lat' dir='ltr'><strong>nisi</strong></span> <span class='ocrx_word' id='word_1_260' title='bbox 920 3835 980 3896; x_wconf 90' lang='lat' dir='ltr'><strong>quod</strong></span> <span class='ocrx_word' id='word_1_261' title='bbox 997 3836 1086 3883; x_wconf 87' lang='lat' dir='ltr'><strong>hircinis</strong></span> <span class='ocrx_word' id='word_1_262' title='bbox 1104 3837 1198 3898; x_wconf 86' lang='lat' dir='ltr'><strong>pellibus</strong></span> <span class='ocrx_word' id='word_1_263' title='bbox 1213 3837 1351 3891; x_wconf 84' lang='lat' dir='ltr'><strong>indueretur,</strong></span> <span class='ocrx_word' id='word_1_264' title='bbox 1362 3841 1386 3880; x_wconf 91' lang='lat' dir='ltr'><strong>ut</strong></span> 
     </span>
     <span class='ocr_line' id='line_1_35' title="bbox 232 3898 1462 3960; baseline 0.002 -13"><span class='ocrx_word' id='word_1_265' title='bbox 232 3903 280 3948; x_wconf 88' lang='grc'><strong>210</strong></span> <span class='ocrx_word' id='word_1_266' title='bbox 301 3899 405 3956; x_wconf 53' lang='lat' dir='ltr'><strong>Genium</strong></span> <span class='ocrx_word' id='word_1_267' title='bbox 421 3899 504 3946; x_wconf 80' lang='lat' dir='ltr'><strong>natatis</strong></span> <span class='ocrx_word' id='word_1_268' title='bbox 514 3901 577 3946; x_wconf 67' lang='lat' dir='ltr'><strong>datu.</strong></span> <span class='ocrx_word' id='word_1_269' title='bbox 807 3898 855 3946; x_wconf 86' lang='lat' dir='ltr'><strong>sere</strong></span> <span class='ocrx_word' id='word_1_270' title='bbox 866 3900 932 3960; x_wconf 85' lang='lat' dir='ltr'><strong>prisci</strong></span> <span class='ocrx_word' id='word_1_271' title='bbox 948 3900 1061 3948; x_wconf 82' lang='lat' dir='ltr'><strong>mortales.</strong></span> <span class='ocrx_word' id='word_1_272' title='bbox 1095 3899 1198 3950; x_wconf 85' lang='lat' dir='ltr'><strong>Chorum</strong></span> <span class='ocrx_word' id='word_1_273' title='bbox 1216 3903 1277 3950; x_wconf 89' lang='lat' dir='ltr'><strong>huuc</strong></span> <span class='ocrx_word' id='word_1_274' title='bbox 1295 3902 1386 3950; x_wconf 77' lang='lat' dir='ltr'><strong>ducebat</strong></span> <span class='ocrx_word' id='word_1_275' title='bbox 1461 3953 1462 3960; x_wconf 10' lang='grc' dir='ltr'>ἵ</span> 
     </span>
     <span class='ocr_line' id='line_1_36' title="bbox 234 3962 1129 4026; baseline -0.001 -13"><span class='ocrx_word' id='word_1_276' title='bbox 234 3967 340 4026; x_wconf 61' lang='lat' dir='ltr'><strong>Impune,</strong></span> <span class='ocrx_word' id='word_1_277' title='bbox 352 3979 398 4011; x_wconf 90' lang='lat' dir='ltr'><strong>non</strong></span> <span class='ocrx_word' id='word_1_278' title='bbox 407 3971 497 4012; x_wconf 87' lang='lat' dir='ltr'><strong>vetante</strong></span> <span class='ocrx_word' id='word_1_279' title='bbox 507 3962 616 4012; x_wconf 86' lang='lat' dir='ltr'><strong>Censore.</strong></span> <span class='ocrx_word' id='word_1_280' title='bbox 810 3963 905 4018; x_wconf 84' lang='lat' dir='ltr'><strong>Silenus,</strong></span> <span class='ocrx_word' id='word_1_281' title='bbox 918 3964 955 4010; x_wconf 85' lang='lat' dir='ltr'><strong>vel</strong></span> <span class='ocrx_word' id='word_1_282' title='bbox 967 3964 1035 4011; x_wconf 90' lang='lat' dir='ltr'><strong>Sileni</strong></span> <span class='ocrx_word' id='word_1_283' title='bbox 1047 3967 1129 4014; x_wconf 83' lang='lat' dir='ltr'><strong>Actor.</strong></span> 
     </span>
     <span class='ocr_line' id='line_1_37' title="bbox 230 4027 1048 4092; baseline -0.001 -15"><span class='ocrx_word' id='word_1_284' title='bbox 230 4033 279 4078; x_wconf 79' lang='grc'><strong>213</strong></span> <span class='ocrx_word' id='word_1_285' title='bbox 300 4029 384 4088; x_wconf 67' lang='lat' dir='ltr'><strong>Turttt‘s</strong></span> <span class='ocrx_word' id='word_1_286' title='bbox 394 4031 482 4076; x_wconf 75' lang='lat' dir='ltr'><strong>lonasto</strong></span> <span class='ocrx_word' id='word_1_287' title='bbox 491 4049 499 4082; x_wconf 91' lang='grc'><strong>,·</strong></span> <span class='ocrx_word' id='word_1_288' title='bbox 513 4029 580 4092; x_wconf 83' lang='lat' dir='ltr'><strong>nobili</strong></span> <span class='ocrx_word' id='word_1_289' title='bbox 589 4027 701 4090; x_wconf 81' lang='lat' dir='ltr'><strong>ignobilis.</strong></span> <span class='ocrx_word' id='word_1_290' title='bbox 840 4029 930 4088; x_wconf 80' lang='lat' dir='ltr'><strong>Asper‚·</strong></span> <span class='ocrx_word' id='word_1_291' title='bbox 947 4031 1048 4077; x_wconf 82' lang='lat' dir='ltr'><strong>mordax.</strong></span> 
     </span>
     <span class='ocr_line' id='line_1_38' title="bbox 230 4093 1345 4154; baseline 0.003 -13"><span class='ocrx_word' id='word_1_292' title='bbox 230 4097 278 4142; x_wconf 82' lang='grc'><strong>215</strong></span> <span class='ocrx_word' id='word_1_293' title='bbox 295 4095 343 4141; x_wconf 84' lang='lat' dir='ltr'><strong>Per</strong></span> <span class='ocrx_word' id='word_1_294' title='bbox 350 4095 457 4154; x_wconf 58' lang='lat' dir='ltr'><strong>rudium</strong></span> <span class='ocrx_word' id='word_1_295' title='bbox 470 4109 512 4154; x_wconf 83' lang='lat' dir='ltr'><strong>per</strong></span> <span class='ocrx_word' id='word_1_296' title='bbox 520 4093 607 4140; x_wconf 81' lang='lat' dir='ltr'><strong>tabidus</strong></span> <span class='ocrx_word' id='word_1_297' title='bbox 617 4108 696 4140; x_wconf 72' lang='lat' dir='ltr'><strong>scena.</strong></span> <span class='ocrx_word' id='word_1_298' title='bbox 841 4096 890 4140; x_wconf 84' lang='grc'><strong>223</strong></span> <span class='ocrx_word' id='word_1_299' title='bbox 907 4094 1043 4150; x_wconf 76' lang='lat' dir='ltr'><strong>Mercurius,</strong></span> <span class='ocrx_word' id='word_1_300' title='bbox 1055 4096 1195 4153; x_wconf 84' lang='lat' dir='ltr'><strong>detinendus,</strong></span> <span class='ocrx_word' id='word_1_301' title='bbox 1207 4097 1345 4144; x_wconf 80' lang='lat' dir='ltr'><strong>alliciendus.</strong></span> 
     </span>
     <span class='ocr_line' id='line_1_39' title="bbox 229 4158 1383 4222; baseline -0.001 -15"><span class='ocrx_word' id='word_1_302' title='bbox 229 4162 278 4207; x_wconf 88' lang='grc'><strong>216</strong></span> <span class='ocrx_word' id='word_1_303' title='bbox 301 4160 366 4205; x_wconf 81' lang='lat' dir='ltr'><strong>Voces</strong></span> <span class='ocrx_word' id='word_1_304' title='bbox 373 4181 382 4212; x_wconf 88' lang='lat'><strong>,·</strong></span> <span class='ocrx_word' id='word_1_305' title='bbox 399 4159 464 4206; x_wconf 80' lang='lat' dir='ltr'><strong>Medi</strong></span> <span class='ocrx_word' id='word_1_306' title='bbox 474 4159 630 4206; x_wconf 70' lang='lat' dir='ltr'><strong>incolatuum.</strong></span> <span class='ocrx_word' id='word_1_307' title='bbox 841 4159 890 4206; x_wconf 71' lang='grc'><strong>220</strong></span> <span class='ocrx_word' id='word_1_308' title='bbox 908 4159 1060 4221; x_wconf 82' lang='lat' dir='ltr'><strong>Functusquc</strong></span> <span class='ocrx_word' id='word_1_309' title='bbox 1078 4164 1164 4218; x_wconf 77' lang='lat' dir='ltr'><strong>sacris3</strong></span> <span class='ocrx_word' id='word_1_310' title='bbox 1191 4163 1249 4209; x_wconf 81' lang='lat' dir='ltr'><strong>Nou</strong></span> <span class='ocrx_word' id='word_1_311' title='bbox 1270 4158 1383 4222; x_wconf 64' lang='lat' dir='ltr'><strong>volupiam</strong></span> 
     </span>
     <span class='ocr_line' id='line_1_40' title="bbox 229 4222 1383 4287; baseline 0.002 -15"><span class='ocrx_word' id='word_1_312' title='bbox 229 4224 312 4272; x_wconf 71' lang='lat' dir='ltr'><strong>saon</strong></span> <span class='ocrx_word' id='word_1_313' title='bbox 318 4244 328 4278; x_wconf 86' lang='lat'><strong>,-</strong></span> <span class='ocrx_word' id='word_1_314' title='bbox 345 4222 374 4270; x_wconf 88' lang='lat' dir='ltr'><strong>ud</strong></span> <span class='ocrx_word' id='word_1_315' title='bbox 385 4239 447 4270; x_wconf 86' lang='lat' dir='ltr'><strong>sacra</strong></span> <span class='ocrx_word' id='word_1_316' title='bbox 457 4232 544 4270; x_wconf 87' lang='lat' dir='ltr'><strong>tantum</strong></span> <span class='ocrx_word' id='word_1_317' title='bbox 556 4222 696 4286; x_wconf 81' lang='lat' dir='ltr'><strong>comparatis.</strong></span> <span class='ocrx_word' id='word_1_318' title='bbox 809 4238 877 4270; x_wconf 84' lang='lat' dir='ltr'><strong>causa</strong></span> <span class='ocrx_word' id='word_1_319' title='bbox 889 4224 973 4270; x_wconf 80' lang='lat' dir='ltr'><strong>inuenti</strong></span> <span class='ocrx_word' id='word_1_320' title='bbox 983 4233 1038 4272; x_wconf 83' lang='lat' dir='ltr'><strong>sunt</strong></span> <span class='ocrx_word' id='word_1_321' title='bbox 1048 4226 1104 4280; x_wconf 79' lang='lat' dir='ltr'><strong>ludi,</strong></span> <span class='ocrx_word' id='word_1_322' title='bbox 1115 4228 1153 4274; x_wconf 81' lang='lat' dir='ltr'><strong>sed</strong></span> <span class='ocrx_word' id='word_1_323' title='bbox 1165 4227 1295 4287; x_wconf 80' lang='lat' dir='ltr'><strong>Religionis.</strong></span> <span class='ocrx_word' id='word_1_324' title='bbox 1319 4225 1383 4274; x_wconf 68' lang='lat' dir='ltr'><strong>uste:</strong></span> 
     </span>
     <span class='ocr_line' id='line_1_41' title="bbox 230 4285 1383 4354; baseline 0.003 -19"><span class='ocrx_word' id='word_1_325' title='bbox 230 4290 278 4335; x_wconf 81' lang='grc'><strong>217</strong></span> <span class='ocrx_word' id='word_1_326' title='bbox 296 4287 424 4348; x_wconf 80' lang='lat' dir='ltr'><strong>Eloquium</strong></span> <span class='ocrx_word' id='word_1_327' title='bbox 455 4289 587 4346; x_wconf 68' lang='lat' dir='ltr'><strong>tractuum</strong></span> <span class='ocrx_word' id='word_1_328' title='bbox 622 4285 775 4337; x_wconf 79' lang='lat' dir='ltr'><strong>Prorauonem</strong></span> <span class='ocrx_word' id='word_1_329' title='bbox 809 4288 899 4350; x_wconf 87' lang='lat' dir='ltr'><strong>respicit</strong></span> <span class='ocrx_word' id='word_1_330' title='bbox 914 4289 941 4335; x_wconf 82' lang='lat' dir='ltr'><strong>ad</strong></span> <span class='ocrx_word' id='word_1_331' title='bbox 963 4289 1002 4336; x_wconf 86' lang='lat' dir='ltr'><strong>illa</strong></span> <span class='ocrx_word' id='word_1_332' title='bbox 1023 4298 1131 4354; x_wconf 83' lang='lat' dir='ltr'><strong>tempora,</strong></span> <span class='ocrx_word' id='word_1_333' title='bbox 1152 4307 1205 4340; x_wconf 89' lang='lat' dir='ltr'><strong>cum</strong></span> <span class='ocrx_word' id='word_1_334' title='bbox 1229 4291 1331 4341; x_wconf 83' lang='lat' dir='ltr'><strong>nondum</strong></span> <span class='ocrx_word' id='word_1_335' title='bbox 1351 4303 1383 4338; x_wconf 81' lang='lat' dir='ltr'><strong>et·</strong></span> 
     </span>
     <span class='ocr_line' id='line_1_42' title="bbox 199 4353 1072 4417; baseline 0.006 -17"><span class='ocrx_word' id='word_1_336' title='bbox 199 4354 324 4404; x_wconf 67' lang='lat' dir='ltr'><strong>affectum</strong></span> <span class='ocrx_word' id='word_1_337' title='bbox 340 4358 363 4398; x_wconf 89' lang='lat' dir='ltr'><strong>et</strong></span> <span class='ocrx_word' id='word_1_338' title='bbox 374 4353 482 4402; x_wconf 83' lang='lat' dir='ltr'><strong>inflatum.</strong></span> <span class='ocrx_word' id='word_1_339' title='bbox 809 4361 860 4402; x_wconf 84' lang='lat' dir='ltr'><strong>sent</strong></span> <span class='ocrx_word' id='word_1_340' title='bbox 870 4353 933 4417; x_wconf 79' lang='lat' dir='ltr'><strong>leger</strong></span> <span class='ocrx_word' id='word_1_341' title='bbox 944 4355 1072 4405; x_wconf 83' lang='lat' dir='ltr'><strong>theatrales.</strong></span> 
     </span>
     <span class='ocr_line' id='line_1_43' title="bbox 233 4418 450 4477; baseline -0.014 -10"><span class='ocrx_word' id='word_1_342' title='bbox 233 4419 352 4477; x_wconf 67' lang='lat' dir='ltr'><strong>thmu</strong></span> <span class='ocrx_word' id='word_1_343' title='bbox 370 4418 450 4466; x_wconf 73' lang='lat' dir='ltr'><strong>audax.</strong></span> 
     </span>
    </p>
   </div>
   <div class='ocr_carea' id='block_1_10' title="bbox 0 0 1502 5022">
    <p class='ocr_par' dir='ltr' id='par_1_10' title="bbox 0 0 1502 5022">
     <span class='ocr_line' id='line_1_44' title="bbox 0 0 1502 5022; baseline 0 0"><span class='ocrx_word' id='word_1_344' title='bbox 0 0 1502 5022; x_wconf 95' lang='lat' dir='ltr'><strong> </strong></span> 
     </span>
    </p>
   </div>
  </div>
 </body>
</html>
