2964 5022
190 368 256 429 15⁶·
549 362 591 437 o.
616 357 834 426 Hoarru·
849 358 1020 426 suasor
1045 372 1053 402 a

230 546 271 601 30
318 535 448 600 Ferrata
461 544 550 599 vasto
561 533 658 598 diruit
672 534 801 618 impetu,
819 538 831 548 ’

331 653 332 657 ’
358 644 546 734 Primusque
556 658 589 711 et
602 657 760 722 extremos
775 643 934 722 metendo,
966 676 969 682 ·

401 757 517 822 Strauit
531 747 674 834 humum,
691 755 758 820 sine
772 753 861 819 clade
873 754 995 829 ¹viotor;
1023 789 1026 796 =

314 865 364 931 Te
378 867 495 952 copias,
511 879 543 932 te
557 866 721 931 consilium
738 877 769 930 et
783 876 854 930 tuos

314 976 482 1042 Praebente
495 977 605 1042 divos:
628 998 702 1040 nam
717 975 784 1053 tibi,
801 996 864 1062 quo
879 974 930 1040 die

228 1096 268 1153 35
358 1087 474 1152 Portus
490 1087 693 1152 Alexandrea
707 1083 842 1171 supplex
909 1101 912 1108 '

402 1197 446 1263 Et
459 1220 590 1263 vacuam
604 1196 751 1284 patefecit
762 1195 878 1272 aulam,
912 1212 915 1220 ’

317 1309 460 1374 Fortuna
473 1309 573 1373 lustro
587 1330 740 1394 prospera
754 1307 847 1372 tertio

313 1419 396 1485 Belli
410 1420 565 1484 secundos
580 1419 718 1483 reddidit
731 1417 845 1496 exitus,

356 1530 563 1618 Laudemque
577 1542 609 1594 et
623 1541 766 1615 optatum
780 1529 915 1614 peractis

227 1649 270 1706 40
398 1640 543 1726 Imperiis
558 1639 654 1704 decus
669 1641 836 1727 arrogavit.

312 1750 363 1816 Te
378 1750 538 1815 Cantaber
553 1772 618 1814 non
633 1763 706 1815 ante
720 1748 897 1827 domabilis,

312 1841 502 1948 Medusque,
519 1873 551 1924 et
566 1860 676 1938 Indus,
692 1873 723 1924 te
737 1859 890 1947 profugus
907 1859 1038 1947 Scythes

351 1967 503 2050 Miratur,
519 1992 540 2037 ο
554 1971 653 2036 tutela
665 1991 806 2056 praesens

400 2080 502 2146 Italiae
516 2080 716 2168 dominaeque
732 2080 846 2146 Romae
858 2080 865 2145 l

225 2202 266 2258 45
311 2191 371 2271 Te,
386 2189 521 2257 fontium
535 2191 589 2278 qui
604 2189 684 2255 celat
698 2191 836 2279 origines
963 2185 967 2194 ’

311 2301 477 2390 Nilusque,
492 2314 524 2366 et
539 2302 630 2380 Ister,
646 2313 678 2366 te
692 2302 820 2387 rapidus
837 2302 955 2390 Tigris,

354 2407 403 2480 Te
417 2412 566 2478 beluosus
580 2413 635 2500 qui
649 2414 778 2478 remotis

397 2523 563 2610 Obstrepit
577 2523 725 2589 Oceanus
742 2525 913 2605 Britannis,

310 2635 439 2700 Tenon
455 2634 597 2719 paventis
610 2634 722 2700 funera
737 2634 852 2702 Galliae

225 2742 266 2813 50
287 2769 288 2776 “
309 2739 474 2832 Duraeque
489 2744 580 2809 tellus
596 2745 684 2809 audit
699 2725 832 2812 Iberiae:

354 2854 404 2921 Te
419 2853 506 2919 caede
520 2853 693 2942 gaudentes
704 2856 865 2924 ¹Sicambri
893 2885 896 2890 ·

398 2964 589 3051 Compositis
604 2977 793 3030 venerantur
807 2956 912 3032 armis.

180 3192 212 3236 80
229 3187 317 3250 dirpuit,
334 3185 717 3249 Fl.1486.fhnerrodidpuitw
730 3187 823 3240 aurnuit.
874 3191 906 3234 32
922 3188 984 3234 humi
1002 3177 1087 3236 Vemet
1102 3189 1165 3237 Glor.
1201 3193 1229 3236 51
1251 3190 1377 3254 Sygambri

213 3246 290 3300 Berdl.
300 3260 321 3298 et
332 3251 403 3299 Iani:
422 3258 529 3311 rasurus
541 3251 587 3297 IV.
598 3253 672 3298 236.
699 3251 726 3314 [†
741 3251 825 3312 Optimi
837 3253 1232 3316 Codd.etEdd.lrabeutSygambri.
1278 3257 1377 3303 Oaaderr-

212 3319 276 3378 dorp.
286 3319 316 3363 od
327 3318 418 3363 malou.
429 3315 505 3363 Octoo.
516 3330 536 3363 c.
546 3313 597 3380 21.]

212 3485 245 3532 30
262 3484 367 3538 Ferrato,
378 3481 439 3531 ferro
450 3483 536 3528 munita
546 3487 569 3528 et
579 3488 671 3528 armata.
793 3482 847 3529 riam
859 3497 888 3530 ex
904 3483 972 3531 animi
988 3485 1020 3531 tui
1038 3491 1174 3545 tuorumque
1192 3485 1304 3532 sententia
1320 3502 1375 3548 par·
1473 3539 1474 3548 ἶ

212 3551 242 3596 31
262 3545 384 3604 litterula,-
406 3547 444 3594 sic
461 3555 484 3594 et
500 3545 626 3608 Virgilius;
650 3546 759 3592 Proxima
792 3553 846 3594 tam.

181 3627 278 3676 qumque
288 3613 441 3673 auniglodr'o.
823 3613 854 3660 42
873 3611 950 3660 Sueto.
966 3612 1030 3677 Aug.
1046 3617 1086 3661 21.
1102 3614 1174 3661 Indos
1188 3615 1258 3661 diam
1275 3623 1298 3661 et
1316 3617 1374 3677 Scy-

211 3679 244 3725 32
261 3679 343 3725 Stravit
354 3676 369 3724 i.
379 3693 399 3724 e.
411 3676 541 3730 constravit,
550 3676 607 3722 texit
613 3677 719 3722 humum.
789 3677 955 3738 thos-Judmt
965 3680 996 3724 ad
1003 3680 1128 3726 amicarum
1138 3694 1207 3726 amm
1213 3681 1315 3742 papatiq.
1327 3683 1374 3728 Ro.

212 3743 266 3792 Sine
276 3743 353 3798 code,
371 3743 425 3788 Sine
443 3743 527 3788 domno
538 3756 633 3788 satorum
650 3741 757 3787 melitum.
789 3742 848 3788 ultro
854 3757 898 3802 per
907 3743 988 3803 legatos
1002 3745 1133 3804 fulcradum.

211 3809 243 3854 85
260 3807 284 3853 A
297 3807 381 3853 Graeco
392 3802 549 3868 Ἀλιξάνδριια,
562 3804 650 3854 Latinis
657 3805 757 3852 Alexan·
822 3807 854 3854 as
870 3806 947 3854 Roma
957 3814 1005 3855 erat
1015 3808 1038 3855 in
1050 3809 1121 3855 tutela
1131 3807 1214 3867 Joris3
1230 3809 1269 3856 sed
1280 3810 1318 3856 ille
1329 3811 1369 3856 ab·

178 3872 236 3927 dno,
249 3878 272 3920 et
283 3873 436 3918 Alexandrea.
790 3885 843 3917 sens
854 3873 925 3920 tutela
935 3879 989 3920 erat
999 3873 1060 3920 'Nec
1070 3875 1307 3934 summoveantur·
1315 3890 1368 3936 cog-

211 3940 243 3984 87
260 3937 346 3984 Lustra
362 3936 441 3982 tertio:
461 3935 515 3981 nihil
531 3935 591 3982 aliud
601 3935 660 3982 velle
670 3934 759 3982 videtur
788 3939 956 3984 aameredivoa.
987 3938 1072 4000 Virgil.

181 4001 299 4057 Horatius,
311 4015 378 4064 quam
396 4001 493 4047 lustrum
504 4000 595 4047 tertium
611 4001 660 4063 jam
680 4015 758 4060 proce·
822 4003 927 4048 Mmtar
937 4003 1115 4050 iuvenentur.

179 4068 232 4115 dere
240 4068 267 4114 ab
278 4067 316 4114 illo
328 4066 369 4120 die,
382 4081 426 4126 quo
438 4065 521 4111 dedidit
532 4080 556 4111 ae
569 4065 719 4111 Alexandrea.
823 4067 855 4112 44
870 4068 1000 4116 Dominam
1018 4067 1072 4114 dicit
1089 4069 1191 4114 Romam
1208 4069 1237 4114 ob
1259 4067 1368 4116 Senatum

210 4135 243 4178 39
260 4132 363 4179 Peractis
378 4130 477 4191 imperiis
495 4136 539 4177 etc.
559 4129 624 4176 bellis
645 4135 669 4176 et
689 4144 758 4192 expe-
790 4147 831 4194 pro
843 4133 908 4193 cuius
915 4133 1015 4194 principe
1026 4148 1051 4180 se
1061 4133 1153 4195 gerebat
1161 4132 1291 4194 Argutus.

177 4191 354 4252 ditionibua'tuo
364 4196 433 4243 ductu
444 4202 483 4241 aut
493 4194 598 4258 auspiciis
608 4195 665 4241 bene
679 4195 757 4256 gestis,
823 4198 854 4243 46
872 4195 984 4244 Fortassis
1007 4197 1104 4244 fontium
1134 4197 1244 4260 originem
1267 4198 1368 4260 ignotam

179 4275 239 4309 nuno
247 4261 330 4309 addidit
341 4260 444 4309 Fortuna
452 4275 534 4308 novam
546 4259 669 4314 victoriam,
682 4276 700 4306 s.
706 4260 757 4322 glo·
790 4261 857 4324 poie'ta
868 4261 936 4308 refert
946 4263 973 4308 ad
985 4278 1055 4310 unum
1066 4262 1156 4309 Nilum.

769 4361 771 4364 .
824 4327 855 4372 47
872 4328 999 4382 Βεὶιιοειιε,·
1017 4329 1039 4374 h.
1050 4344 1070 4375 e.
1077 4327 1169 4375 balanis
1180 4329 1304 4375 abundans.
