<?xml version="1.0" encoding="UTF-8"?>
<!DOCTYPE html PUBLIC "-//W3C//DTD XHTML 1.0 Transitional//EN"
    "http://www.w3.org/TR/xhtml1/DTD/xhtml1-transitional.dtd">
<html xmlns="http://www.w3.org/1999/xhtml" xml:lang="en" lang="en">
 <head>
  <title>
</title>
<meta http-equiv="Content-Type" content="text/html;charset=utf-8" />
  <meta name='ocr-system' content='tesseract 3.04.00' />
  <meta name='ocr-capabilities' content='ocr_page ocr_carea ocr_par ocr_line ocrx_word'/>
</head>
<body>
  <div class='ocr_page' id='page_1' title='image "./operacumselecti00horagoog_0061.png"; bbox 0 0 2964 5022; ppageno 0'>
   <div class='ocr_carea' id='block_1_1' title="bbox 198 306 1026 391">
    <p class='ocr_par' dir='ltr' id='par_1_1' title="bbox 198 306 1026 391">
     <span class='ocr_line' id='line_1_1' title="bbox 198 306 1026 391; baseline -0.013 -10"><span class='ocrx_word' id='word_1_1' title='bbox 198 325 238 381; x_wconf 80' lang='lat'>54</span> <span class='ocrx_word' id='word_1_2' title='bbox 555 314 597 391; x_wconf 85' lang='lat' dir='ltr'>Q.</span> <span class='ocrx_word' id='word_1_3' title='bbox 622 310 831 379; x_wconf 82' lang='lat' dir='ltr'><strong>HORATII</strong></span> <span class='ocrx_word' id='word_1_4' title='bbox 854 306 1026 374; x_wconf 83' lang='lat' dir='ltr'>FLACCI</span> 
     </span>
    </p>
   </div>
   <div class='ocr_carea' id='block_1_2' title="bbox 241 481 990 1792">
    <p class='ocr_par' dir='ltr' id='par_1_2' title="bbox 241 481 990 1792">
     <span class='ocr_line' id='line_1_2' title="bbox 329 481 978 576; baseline -0.009 -24"><span class='ocrx_word' id='word_1_5' title='bbox 329 486 452 552; x_wconf 87' lang='lat' dir='ltr'><strong>Crescit</strong></span> <span class='ocrx_word' id='word_1_6' title='bbox 465 486 633 576; x_wconf 83' lang='lat' dir='ltr'>indulgens</span> <span class='ocrx_word' id='word_1_7' title='bbox 649 486 708 551; x_wconf 92' lang='lat' dir='ltr'>sibi</span> <span class='ocrx_word' id='word_1_8' title='bbox 722 485 811 549; x_wconf 71' lang='lat' dir='ltr'>dnus</span> <span class='ocrx_word' id='word_1_9' title='bbox 825 481 978 568; x_wconf 89' lang='lat' dir='ltr'>hydrops,</span> 
     </span>
     <span class='ocr_line' id='line_1_3' title="bbox 327 593 910 683; baseline -0.009 -22"><span class='ocrx_word' id='word_1_10' title='bbox 327 597 397 662; x_wconf 86' lang='lat' dir='ltr'>Nec</span> <span class='ocrx_word' id='word_1_11' title='bbox 411 597 495 662; x_wconf 87' lang='lat' dir='ltr'>sitim</span> <span class='ocrx_word' id='word_1_12' title='bbox 508 597 608 683; x_wconf 90' lang='lat' dir='ltr'>pellit,</span> <span class='ocrx_word' id='word_1_13' title='bbox 623 597 684 662; x_wconf 92' lang='lat' dir='ltr'>nisi</span> <span class='ocrx_word' id='word_1_14' title='bbox 698 617 793 662; x_wconf 82' lang='lat' dir='ltr'>causo</span> <span class='ocrx_word' id='word_1_15' title='bbox 806 593 910 658; x_wconf 87' lang='lat' dir='ltr'>morbi</span> 
     </span>
     <span class='ocr_line' id='line_1_4' title="bbox 245 706 857 796; baseline -0.002 -24"><span class='ocrx_word' id='word_1_16' title='bbox 245 717 283 773; x_wconf 86' lang='lat'>15</span> <span class='ocrx_word' id='word_1_17' title='bbox 329 706 461 794; x_wconf 83' lang='lat' dir='ltr'>Fugerit</span> <span class='ocrx_word' id='word_1_18' title='bbox 475 709 573 787; x_wconf 87' lang='lat' dir='ltr'>venis,</span> <span class='ocrx_word' id='word_1_19' title='bbox 590 721 623 774; x_wconf 90' lang='lat' dir='ltr'>et</span> <span class='ocrx_word' id='word_1_20' title='bbox 632 730 769 796; x_wconf 86' lang='lat' dir='ltr'>aquosus</span> <span class='ocrx_word' id='word_1_21' title='bbox 784 706 857 772; x_wconf 79' lang='lat' dir='ltr'>albo</span> 
     </span>
     <span class='ocr_line' id='line_1_5' title="bbox 501 819 803 906; baseline -0.013 -21"><span class='ocrx_word' id='word_1_22' title='bbox 501 820 645 904; x_wconf 81' lang='lat' dir='ltr'>Corpore</span> <span class='ocrx_word' id='word_1_23' title='bbox 659 819 803 906; x_wconf 82' lang='lat' dir='ltr'><strong>languor.</strong></span> 
     </span>
     <span class='ocr_line' id='line_1_6' title="bbox 329 928 878 1018; baseline -0.013 -19"><span class='ocrx_word' id='word_1_24' title='bbox 329 932 503 999; x_wconf 81' lang='lat' dir='ltr'>Redditum</span> <span class='ocrx_word' id='word_1_25' title='bbox 521 931 598 1018; x_wconf 89' lang='lat' dir='ltr'>Cyri</span> <span class='ocrx_word' id='word_1_26' title='bbox 613 930 692 995; x_wconf 89' lang='lat' dir='ltr'>solio</span> <span class='ocrx_word' id='word_1_27' title='bbox 708 928 878 1006; x_wconf 79' lang='lat' dir='ltr'><strong>Phraaten,</strong></span> 
     </span>
     <span class='ocr_line' id='line_1_7' title="bbox 328 1041 877 1128; baseline -0.011 -18"><span class='ocrx_word' id='word_1_28' title='bbox 328 1042 495 1110; x_wconf 88' lang='lat' dir='ltr'>Dissidens</span> <span class='ocrx_word' id='word_1_29' title='bbox 510 1041 604 1128; x_wconf 91' lang='lat' dir='ltr'>plebi,</span> <span class='ocrx_word' id='word_1_30' title='bbox 620 1062 754 1106; x_wconf 90' lang='lat' dir='ltr'>numero</span> <span class='ocrx_word' id='word_1_31' title='bbox 768 1041 877 1104; x_wconf 77' lang='lat' dir='ltr'>beato-</span> 
     </span>
     <span class='ocr_line' id='line_1_8' title="bbox 326 1149 990 1237; baseline -0.005 -20"><span class='ocrx_word' id='word_1_32' title='bbox 326 1176 398 1219; x_wconf 90' lang='lat' dir='ltr'>rum</span> <span class='ocrx_word' id='word_1_33' title='bbox 413 1153 523 1218; x_wconf 86' lang='lat' dir='ltr'>eximit</span> <span class='ocrx_word' id='word_1_34' title='bbox 538 1153 659 1230; x_wconf 88' lang='lat' dir='ltr'>Virtus,</span> <span class='ocrx_word' id='word_1_35' title='bbox 673 1150 891 1237; x_wconf 85' lang='lat' dir='ltr'>populumque</span> <span class='ocrx_word' id='word_1_36' title='bbox 905 1149 990 1215; x_wconf 82' lang='lat' dir='ltr'>falsis</span> 
     </span>
     <span class='ocr_line' id='line_1_9' title="bbox 241 1263 706 1330; baseline -0.006 0"><span class='ocrx_word' id='word_1_37' title='bbox 241 1273 285 1330; x_wconf 71' lang='lat'>20</span> <span class='ocrx_word' id='word_1_38' title='bbox 500 1263 646 1328; x_wconf 87' lang='lat' dir='ltr'>Dedocet</span> <span class='ocrx_word' id='word_1_39' title='bbox 660 1264 706 1328; x_wconf 91' lang='lat' dir='ltr'>uti</span> 
     </span>
     <span class='ocr_line' id='line_1_10' title="bbox 326 1374 966 1462; baseline -0.006 -22"><span class='ocrx_word' id='word_1_40' title='bbox 326 1375 488 1453; x_wconf 80' lang='lat' dir='ltr'>Vocibus3</span> <span class='ocrx_word' id='word_1_41' title='bbox 509 1397 643 1462; x_wconf 87' lang='lat' dir='ltr'>regnum</span> <span class='ocrx_word' id='word_1_42' title='bbox 657 1388 690 1439; x_wconf 91' lang='lat' dir='ltr'>et</span> <span class='ocrx_word' id='word_1_43' title='bbox 704 1374 849 1440; x_wconf 85' lang='lat' dir='ltr'>diadema</span> <span class='ocrx_word' id='word_1_44' title='bbox 863 1386 966 1438; x_wconf 90' lang='lat' dir='ltr'>tutum</span> 
     </span>
     <span class='ocr_line' id='line_1_11' title="bbox 327 1484 951 1572; baseline -0.008 -21"><span class='ocrx_word' id='word_1_45' title='bbox 327 1484 483 1551; x_wconf 88' lang='lat' dir='ltr'>Deferens</span> <span class='ocrx_word' id='word_1_46' title='bbox 498 1486 563 1564; x_wconf 90' lang='lat' dir='ltr'>uni,</span> <span class='ocrx_word' id='word_1_47' title='bbox 579 1485 803 1572; x_wconf 82' lang='lat' dir='ltr'>propriamque</span> <span class='ocrx_word' id='word_1_48' title='bbox 817 1485 951 1562; x_wconf 82' lang='lat' dir='ltr'>laurum,</span> 
     </span>
     <span class='ocr_line' id='line_1_12' title="bbox 331 1595 911 1685; baseline -0.003 -23"><span class='ocrx_word' id='word_1_49' title='bbox 331 1595 483 1685; x_wconf 85' lang='lat' dir='ltr'>Quisquis</span> <span class='ocrx_word' id='word_1_50' title='bbox 498 1598 642 1683; x_wconf 81' lang='lat' dir='ltr'>ingentes</span> <span class='ocrx_word' id='word_1_51' title='bbox 656 1597 749 1660; x_wconf 78' lang='lat' dir='ltr'>oerilo</span> <span class='ocrx_word' id='word_1_52' title='bbox 763 1597 911 1660; x_wconf 86' lang='lat' dir='ltr'>irretorto</span> 
     </span>
     <span class='ocr_line' id='line_1_13' title="bbox 503 1708 782 1792; baseline -0.014 -20"><span class='ocrx_word' id='word_1_53' title='bbox 503 1708 631 1792; x_wconf 86' lang='lat' dir='ltr'>Spectat</span> <span class='ocrx_word' id='word_1_54' title='bbox 645 1728 782 1770; x_wconf 82' lang='lat' dir='ltr'>acervos.</span> 
     </span>
    </p>
   </div>
   <div class='ocr_carea' id='block_1_3' title="bbox 198 1870 1411 2012">
    <p class='ocr_par' dir='ltr' id='par_1_3' title="bbox 198 1870 1411 2012">
     <span class='ocr_line' id='line_1_14' title="bbox 198 1870 1411 1950; baseline -0.006 -14"><span class='ocrx_word' id='word_1_55' title='bbox 198 1889 291 1938; x_wconf 73' lang='lat' dir='ltr'>levitis</span> <span class='ocrx_word' id='word_1_56' title='bbox 306 1904 349 1950; x_wconf 87' lang='lat' dir='ltr'>pro</span> <span class='ocrx_word' id='word_1_57' title='bbox 368 1887 428 1936; x_wconf 87' lang='lat' dir='ltr'>dirus</span> <span class='ocrx_word' id='word_1_58' title='bbox 447 1887 511 1935; x_wconf 84' lang='lat' dir='ltr'>Flor.</span> <span class='ocrx_word' id='word_1_59' title='bbox 578 1889 608 1932; x_wconf 79' lang='grc'>17</span> <span class='ocrx_word' id='word_1_60' title='bbox 630 1885 776 1934; x_wconf 77' lang='lat' dir='ltr'>Phruhurtem</span> <span class='ocrx_word' id='word_1_61' title='bbox 788 1885 852 1932; x_wconf 81' lang='lat' dir='ltr'>Flor.</span> <span class='ocrx_word' id='word_1_62' title='bbox 882 1884 996 1931; x_wconf 86' lang='lat' dir='ltr'>Phruoten</span> <span class='ocrx_word' id='word_1_63' title='bbox 1017 1870 1080 1931; x_wconf 74' lang='lat' dir='ltr'>Glor.</span> <span class='ocrx_word' id='word_1_64' title='bbox 1115 1880 1313 1943; x_wconf 74' lang='lat' dir='ltr'>Phruortencorp‘.</span> <span class='ocrx_word' id='word_1_65' title='bbox 1329 1883 1411 1930; x_wconf 69' lang='grc' dir='ltr'><strong><em>θίαν.</em></strong></span> 
     </span>
     <span class='ocr_line' id='line_1_15' title="bbox 230 1945 1410 2012; baseline -0.007 -10"><span class='ocrx_word' id='word_1_66' title='bbox 230 1954 369 2003; x_wconf 79' lang='lat' dir='ltr'>Phrohurten</span> <span class='ocrx_word' id='word_1_67' title='bbox 381 1954 450 2000; x_wconf 70' lang='lat' dir='ltr'>Boot.</span> <span class='ocrx_word' id='word_1_68' title='bbox 461 1951 488 1998; x_wconf 82' lang='lat' dir='ltr'>Z.</span> <span class='ocrx_word' id='word_1_69' title='bbox 556 1954 584 1998; x_wconf 82' lang='lat'>18</span> <span class='ocrx_word' id='word_1_70' title='bbox 595 1951 684 2000; x_wconf 73' lang='lat' dir='ltr'>beatum</span> <span class='ocrx_word' id='word_1_71' title='bbox 697 1952 761 1999; x_wconf 86' lang='lat' dir='ltr'>Flor.</span> <span class='ocrx_word' id='word_1_72' title='bbox 777 1950 846 2012; x_wconf 89' lang='lat' dir='ltr'>plebis</span> <span class='ocrx_word' id='word_1_73' title='bbox 858 1951 920 1997; x_wconf 84' lang='lat' dir='ltr'>codd.</span> <span class='ocrx_word' id='word_1_74' title='bbox 931 1965 968 2011; x_wconf 84' lang='lat' dir='ltr'>ap.</span> <span class='ocrx_word' id='word_1_75' title='bbox 983 1949 1060 1996; x_wconf 71' lang='lat' dir='ltr'>rena.</span> <span class='ocrx_word' id='word_1_76' title='bbox 1125 1950 1156 1994; x_wconf 78' lang='lat'>22</span> <span class='ocrx_word' id='word_1_77' title='bbox 1169 1945 1321 1994; x_wconf 84' lang='lat' dir='ltr'>Deferentem</span> <span class='ocrx_word' id='word_1_78' title='bbox 1335 1947 1410 2009; x_wconf 77' lang='lat' dir='ltr'>conj.</span> 
     </span>
    </p>
   </div>
   <div class='ocr_carea' id='block_1_4' title="bbox 229 2016 654 2080">
    <p class='ocr_par' dir='ltr' id='par_1_4' title="bbox 229 2016 654 2080">
     <span class='ocr_line' id='line_1_16' title="bbox 229 2016 654 2080; baseline -0.007 -13"><span class='ocrx_word' id='word_1_79' title='bbox 229 2021 294 2067; x_wconf 80' lang='grc' dir='ltr'><strong>Βίπ.</strong></span> <span class='ocrx_word' id='word_1_80' title='bbox 358 2019 391 2069; x_wconf 72' lang='lat'>24</span> <span class='ocrx_word' id='word_1_81' title='bbox 403 2017 492 2080; x_wconf 78' lang='lat' dir='ltr'>Sprerit</span> <span class='ocrx_word' id='word_1_82' title='bbox 502 2016 561 2078; x_wconf 76' lang='lat' dir='ltr'>corp‘.</span> <span class='ocrx_word' id='word_1_83' title='bbox 574 2017 654 2064; x_wconf 68' lang='lat' dir='ltr'>crusii.</span> 
     </span>
    </p>
   </div>
   <div class='ocr_carea' id='block_1_5' title="bbox 584 2355 912 2481">
    <p class='ocr_par' dir='ltr' id='par_1_5' title="bbox 584 2355 912 2481">
     <span class='ocr_line' id='line_1_17' title="bbox 584 2355 912 2481; baseline -0.043 -32"><span class='ocrx_word' id='word_1_84' title='bbox 584 2443 587 2449; x_wconf 82' lang='grc'><strong>,</strong></span> <span class='ocrx_word' id='word_1_85' title='bbox 672 2357 799 2440; x_wconf 81' lang='lat' dir='ltr'>oon</span> <span class='ocrx_word' id='word_1_86' title='bbox 830 2355 912 2481; x_wconf 82' lang='lat'>111.</span> 
     </span>
    </p>
   </div>
   <div class='ocr_carea' id='block_1_6' title="bbox 649 2509 939 2598">
    <p class='ocr_par' dir='ltr' id='par_1_6' title="bbox 649 2509 939 2598">
     <span class='ocr_line' id='line_1_18' title="bbox 649 2509 939 2598; baseline -0.007 -8"><span class='ocrx_word' id='word_1_87' title='bbox 649 2543 698 2590; x_wconf 79' lang='lat' dir='ltr'>nn</span> <span class='ocrx_word' id='word_1_88' title='bbox 717 2543 749 2598; x_wconf 69' lang='lat' dir='ltr'>o„</span> <span class='ocrx_word' id='word_1_89' title='bbox 765 2509 939 2590; x_wconf 74' lang='lat' dir='ltr'>ommuni.</span> 
     </span>
    </p>
   </div>
   <div class='ocr_carea' id='block_1_7' title="bbox 655 2675 927 2734">
    <p class='ocr_par' dir='ltr' id='par_1_7' title="bbox 655 2675 927 2734">
     <span class='ocr_line' id='line_1_19' title="bbox 655 2675 927 2734; baseline -0.007 -12"><span class='ocrx_word' id='word_1_90' title='bbox 655 2676 760 2722; x_wconf 79' lang='lat' dir='ltr'>Metmm</span> <span class='ocrx_word' id='word_1_91' title='bbox 771 2683 797 2722; x_wconf 80' lang='lat' dir='ltr'>ut</span> <span class='ocrx_word' id='word_1_92' title='bbox 808 2676 833 2721; x_wconf 82' lang='lat' dir='ltr'>in</span> <span class='ocrx_word' id='word_1_93' title='bbox 840 2675 927 2734; x_wconf 82' lang='lat' dir='ltr'>primo.</span> 
     </span>
    </p>
   </div>
   <div class='ocr_carea' id='block_1_8' title="bbox 325 2785 965 3197">
    <p class='ocr_par' dir='ltr' id='par_1_8' title="bbox 325 2785 965 3197">
     <span class='ocr_line' id='line_1_20' title="bbox 327 2785 925 2870; baseline -0.002 -20"><span class='ocrx_word' id='word_1_94' title='bbox 327 2785 472 2870; x_wconf 71' lang='lat' dir='ltr'>AEpumu</span> <span class='ocrx_word' id='word_1_95' title='bbox 488 2802 646 2852; x_wconf 88' lang='lat' dir='ltr'>memento</span> <span class='ocrx_word' id='word_1_96' title='bbox 662 2790 756 2853; x_wconf 89' lang='lat' dir='ltr'>rebus</span> <span class='ocrx_word' id='word_1_97' title='bbox 771 2789 804 2851; x_wconf 93' lang='lat' dir='ltr'>in</span> <span class='ocrx_word' id='word_1_98' title='bbox 819 2786 925 2851; x_wconf 80' lang='lat' dir='ltr'>arduis</span> 
     </span>
     <span class='ocr_line' id='line_1_21' title="bbox 325 2895 965 2976; baseline -0.005 -13"><span class='ocrx_word' id='word_1_99' title='bbox 325 2899 462 2963; x_wconf 84' lang='lat' dir='ltr'>Servare</span> <span class='ocrx_word' id='word_1_100' title='bbox 477 2911 625 2976; x_wconf 89' lang='lat' dir='ltr'>mentem,</span> <span class='ocrx_word' id='word_1_101' title='bbox 641 2920 706 2962; x_wconf 91' lang='lat' dir='ltr'>non</span> <span class='ocrx_word' id='word_1_102' title='bbox 722 2919 811 2962; x_wconf 89' lang='lat' dir='ltr'>secus</span> <span class='ocrx_word' id='word_1_103' title='bbox 825 2897 859 2958; x_wconf 92' lang='lat' dir='ltr'>in</span> <span class='ocrx_word' id='word_1_104' title='bbox 872 2895 965 2960; x_wconf 89' lang='lat' dir='ltr'>bonis</span> 
     </span>
     <span class='ocr_line' id='line_1_22' title="bbox 370 3008 807 3094; baseline -0.005 -22"><span class='ocrx_word' id='word_1_105' title='bbox 370 3008 423 3074; x_wconf 88' lang='lat' dir='ltr'>Ab</span> <span class='ocrx_word' id='word_1_106' title='bbox 438 3008 586 3072; x_wconf 91' lang='lat' dir='ltr'>insolenti</span> <span class='ocrx_word' id='word_1_107' title='bbox 602 3019 807 3094; x_wconf 79' lang='lat' dir='ltr'>temperatam</span> 
     </span>
     <span class='ocr_line' id='line_1_23' title="bbox 454 3118 872 3197; baseline -0.002 -15"><span class='ocrx_word' id='word_1_108' title='bbox 454 3118 590 3196; x_wconf 83' lang='lat' dir='ltr'>Laetitia,</span> <span class='ocrx_word' id='word_1_109' title='bbox 607 3119 759 3182; x_wconf 88' lang='lat' dir='ltr'>moriture</span> <span class='ocrx_word' id='word_1_110' title='bbox 774 3118 872 3197; x_wconf 91' lang='lat' dir='ltr'>Delli,</span> 
     </span>
    </p>
   </div>
   <div class='ocr_carea' id='block_1_9' title="bbox 595 3292 985 3342">
    <p class='ocr_par' dir='ltr' id='par_1_9' title="bbox 595 3292 985 3342">
     <span class='ocr_line' id='line_1_24' title="bbox 595 3292 985 3342; baseline 0.008 -4"><span class='ocrx_word' id='word_1_111' title='bbox 595 3296 611 3338; x_wconf 75' lang='lat' dir='ltr'>t</span> <span class='ocrx_word' id='word_1_112' title='bbox 627 3292 683 3339; x_wconf 92' lang='lat' dir='ltr'>Deli</span> <span class='ocrx_word' id='word_1_113' title='bbox 693 3293 743 3340; x_wconf 83' lang='lat' dir='ltr'>edd.</span> <span class='ocrx_word' id='word_1_114' title='bbox 753 3301 804 3341; x_wconf 86' lang='lat' dir='ltr'>oett.</span> <span class='ocrx_word' id='word_1_115' title='bbox 815 3301 869 3340; x_wconf 83' lang='lat' dir='ltr'>onte</span> <span class='ocrx_word' id='word_1_116' title='bbox 877 3293 985 3342; x_wconf 66' lang='lat' dir='ltr'>Lanuuio,</span> 
     </span>
    </p>
   </div>
   <div class='ocr_carea' id='block_1_10' title="bbox 188 3443 1477 4546">
    <p class='ocr_par' dir='ltr' id='par_1_10' title="bbox 188 3443 1477 4546">
     <span class='ocr_line' id='line_1_25' title="bbox 228 3443 1389 3503; baseline 0.003 -11"><span class='ocrx_word' id='word_1_117' title='bbox 228 3448 258 3492; x_wconf 80' lang='lat'>13</span> <span class='ocrx_word' id='word_1_118' title='bbox 275 3443 364 3492; x_wconf 90' lang='lat' dir='ltr'>Notum</span> <span class='ocrx_word' id='word_1_119' title='bbox 382 3453 417 3492; x_wconf 83' lang='lat' dir='ltr'>est</span> <span class='ocrx_word' id='word_1_120' title='bbox 436 3444 525 3492; x_wconf 85' lang='lat' dir='ltr'>Stoicos</span> <span class='ocrx_word' id='word_1_121' title='bbox 548 3458 627 3490; x_wconf 87' lang='lat' dir='ltr'>omnes</span> <span class='ocrx_word' id='word_1_122' title='bbox 649 3443 717 3490; x_wconf 78' lang='lat' dir='ltr'>animi</span> <span class='ocrx_word' id='word_1_123' title='bbox 739 3443 772 3492; x_wconf 75' lang='lat' dir='ltr'>af·</span> <span class='ocrx_word' id='word_1_124' title='bbox 832 3447 869 3493; x_wconf 79' lang='lat'>-28</span> <span class='ocrx_word' id='word_1_125' title='bbox 889 3443 1068 3492; x_wconf 70' lang='lat' dir='ltr'>Owloirretorto</span> <span class='ocrx_word' id='word_1_126' title='bbox 1079 3451 1162 3503; x_wconf 62' lang='lat' dir='ltr'>spectat</span> <span class='ocrx_word' id='word_1_127' title='bbox 1179 3460 1267 3494; x_wconf 80' lang='lat' dir='ltr'>ooeroor</span> <span class='ocrx_word' id='word_1_128' title='bbox 1285 3447 1334 3494; x_wconf 75' lang='lat' dir='ltr'>auri</span> <span class='ocrx_word' id='word_1_129' title='bbox 1349 3462 1389 3496; x_wconf 77' lang='lat' dir='ltr'>su-</span> 
     </span>
     <span class='ocr_line' id='line_1_26' title="bbox 192 3509 1389 3573; baseline 0.003 -17"><span class='ocrx_word' id='word_1_130' title='bbox 192 3509 266 3557; x_wconf 85' lang='lat' dir='ltr'>iectus</span> <span class='ocrx_word' id='word_1_131' title='bbox 276 3525 317 3570; x_wconf 84' lang='lat' dir='ltr'>pro</span> <span class='ocrx_word' id='word_1_132' title='bbox 328 3511 411 3558; x_wconf 79' lang='lat' dir='ltr'>morbis</span> <span class='ocrx_word' id='word_1_133' title='bbox 428 3510 515 3557; x_wconf 85' lang='lat' dir='ltr'>habere.</span> <span class='ocrx_word' id='word_1_134' title='bbox 803 3510 874 3573; x_wconf 78' lang='lat' dir='ltr'>piens,</span> <span class='ocrx_word' id='word_1_135' title='bbox 891 3509 986 3570; x_wconf 88' lang='lat' dir='ltr'>quinon</span> <span class='ocrx_word' id='word_1_136' title='bbox 998 3510 1244 3570; x_wconf 79' lang='lat' dir='ltr'>hubetopusuvertere</span> <span class='ocrx_word' id='word_1_137' title='bbox 1258 3511 1344 3566; x_wconf 82' lang='lat' dir='ltr'>oculos,</span> <span class='ocrx_word' id='word_1_138' title='bbox 1362 3521 1389 3560; x_wconf 84' lang='lat' dir='ltr'>et</span> 
     </span>
     <span class='ocr_line' id='line_1_27' title="bbox 228 3572 1387 3639; baseline 0.003 -18"><span class='ocrx_word' id='word_1_139' title='bbox 228 3578 258 3621; x_wconf 83' lang='lat'>17</span> <span class='ocrx_word' id='word_1_140' title='bbox 275 3573 315 3622; x_wconf 90' lang='lat' dir='ltr'>De</span> <span class='ocrx_word' id='word_1_141' title='bbox 326 3575 442 3621; x_wconf 72' lang='lat' dir='ltr'>Plumlrote</span> <span class='ocrx_word' id='word_1_142' title='bbox 451 3573 569 3622; x_wconf 81' lang='lat' dir='ltr'>lustinum</span> <span class='ocrx_word' id='word_1_143' title='bbox 581 3572 624 3620; x_wconf 80' lang='lat' dir='ltr'>udi.</span> <span class='ocrx_word' id='word_1_144' title='bbox 805 3575 828 3621; x_wconf 83' lang='lat' dir='ltr'>vi</span> <span class='ocrx_word' id='word_1_145' title='bbox 845 3575 909 3636; x_wconf 83' lang='lat' dir='ltr'>quusi</span> <span class='ocrx_word' id='word_1_146' title='bbox 923 3581 1052 3636; x_wconf 81' lang='lat' dir='ltr'>retorquere</span> <span class='ocrx_word' id='word_1_147' title='bbox 1067 3573 1181 3623; x_wconf 77' lang='lat' dir='ltr'>adivitiir.</span> <span class='ocrx_word' id='word_1_148' title='bbox 1214 3575 1300 3624; x_wconf 67' lang='lat' dir='ltr'>&amp;nous</span> <span class='ocrx_word' id='word_1_149' title='bbox 1314 3576 1387 3639; x_wconf 75' lang='lat' dir='ltr'>igitur</span> 
     </span>
     <span class='ocr_line' id='line_1_28' title="bbox 224 3636 1385 3702; baseline 0.003 -17"><span class='ocrx_word' id='word_1_150' title='bbox 224 3641 257 3686; x_wconf 77' lang='lat' dir='ltr'>is</span> <span class='ocrx_word' id='word_1_151' title='bbox 273 3639 391 3686; x_wconf 66' lang='lat' dir='ltr'>Dissident</span> <span class='ocrx_word' id='word_1_152' title='bbox 406 3640 440 3698; x_wconf 85' lang='lat' dir='ltr'>pl.</span> <span class='ocrx_word' id='word_1_153' title='bbox 461 3654 512 3700; x_wconf 84' lang='lat' dir='ltr'>quae</span> <span class='ocrx_word' id='word_1_154' title='bbox 532 3652 597 3685; x_wconf 80' lang='lat' dir='ltr'>secus</span> <span class='ocrx_word' id='word_1_155' title='bbox 616 3636 685 3684; x_wconf 80' lang='lat' dir='ltr'>sentit</span> <span class='ocrx_word' id='word_1_156' title='bbox 704 3653 771 3700; x_wconf 72' lang='lat' dir='ltr'>quom</span> <span class='ocrx_word' id='word_1_157' title='bbox 804 3645 851 3686; x_wconf 81' lang='lat' dir='ltr'>est:</span> <span class='ocrx_word' id='word_1_158' title='bbox 870 3640 935 3702; x_wconf 81' lang='lat' dir='ltr'>cujus</span> <span class='ocrx_word' id='word_1_159' title='bbox 945 3639 1004 3686; x_wconf 73' lang='lat' dir='ltr'>ecies</span> <span class='ocrx_word' id='word_1_160' title='bbox 1015 3640 1132 3686; x_wconf 85' lang='lat' dir='ltr'>oculorum</span> <span class='ocrx_word' id='word_1_161' title='bbox 1144 3640 1263 3702; x_wconf 78' lang='lat' dir='ltr'>splendore</span> <span class='ocrx_word' id='word_1_162' title='bbox 1277 3642 1325 3690; x_wconf 82' lang='lat' dir='ltr'>aun&#39;</span> <span class='ocrx_word' id='word_1_163' title='bbox 1337 3656 1385 3689; x_wconf 92' lang='lat' dir='ltr'>non</span> 
     </span>
     <span class='ocr_line' id='line_1_29' title="bbox 192 3703 1477 3767; baseline 0.003 -17"><span class='ocrx_word' id='word_1_164' title='bbox 192 3703 313 3751; x_wconf 88' lang='lat' dir='ltr'>multitudo</span> <span class='ocrx_word' id='word_1_165' title='bbox 330 3705 438 3766; x_wconf 79' lang='lat' dir='ltr'>imperito.</span> <span class='ocrx_word' id='word_1_166' title='bbox 470 3703 576 3759; x_wconf 73' lang='lat' dir='ltr'>Dedecet,</span> <span class='ocrx_word' id='word_1_167' title='bbox 595 3703 661 3750; x_wconf 87' lang='lat' dir='ltr'>docet</span> <span class='ocrx_word' id='word_1_168' title='bbox 676 3718 706 3750; x_wconf 92' lang='lat' dir='ltr'>ne</span> <span class='ocrx_word' id='word_1_169' title='bbox 723 3718 772 3750; x_wconf 79' lang='lat' dir='ltr'>om·</span> <span class='ocrx_word' id='word_1_170' title='bbox 804 3704 977 3767; x_wconf 73' lang='lat' dir='ltr'>praestringitur,</span> <span class='ocrx_word' id='word_1_171' title='bbox 997 3703 1037 3750; x_wconf 86' lang='lat' dir='ltr'>sed</span> <span class='ocrx_word' id='word_1_172' title='bbox 1058 3711 1121 3751; x_wconf 86' lang='lat' dir='ltr'>recto</span> <span class='ocrx_word' id='word_1_173' title='bbox 1142 3706 1209 3752; x_wconf 86' lang='lat' dir='ltr'>oculo</span> <span class='ocrx_word' id='word_1_174' title='bbox 1231 3706 1338 3763; x_wconf 86' lang='lat' dir='ltr'>intuetur,</span> <span class='ocrx_word' id='word_1_175' title='bbox 1361 3708 1386 3755; x_wconf 88' lang='lat' dir='ltr'>h.</span> <span class='ocrx_word' id='word_1_176' title='bbox 1476 3721 1477 3744; x_wconf 69' lang='lat'><em>³</em></span> 
     </span>
     <span class='ocr_line' id='line_1_30' title="bbox 192 3767 1319 3833; baseline 0.004 -18"><span class='ocrx_word' id='word_1_177' title='bbox 192 3769 251 3831; x_wconf 87' lang='lat' dir='ltr'>plius</span> <span class='ocrx_word' id='word_1_178' title='bbox 269 3769 332 3830; x_wconf 83' lang='lat' dir='ltr'>plebs</span> <span class='ocrx_word' id='word_1_179' title='bbox 351 3775 427 3815; x_wconf 86' lang='lat' dir='ltr'>utatur</span> <span class='ocrx_word' id='word_1_180' title='bbox 445 3767 556 3830; x_wconf 86' lang='lat' dir='ltr'>perversis</span> <span class='ocrx_word' id='word_1_181' title='bbox 572 3767 705 3822; x_wconf 82' lang='lat' dir='ltr'>nominibus,</span> <span class='ocrx_word' id='word_1_182' title='bbox 717 3769 740 3814; x_wconf 90' lang='lat' dir='ltr'>h.</span> <span class='ocrx_word' id='word_1_183' title='bbox 751 3784 771 3815; x_wconf 85' lang='lat' dir='ltr'>e.</span> <span class='ocrx_word' id='word_1_184' title='bbox 805 3785 824 3816; x_wconf 91' lang='lat' dir='ltr'>e.</span> <span class='ocrx_word' id='word_1_185' title='bbox 836 3783 882 3816; x_wconf 91' lang='lat' dir='ltr'>non</span> <span class='ocrx_word' id='word_1_186' title='bbox 893 3768 1044 3832; x_wconf 84' lang='lat' dir='ltr'>corrumpitur</span> <span class='ocrx_word' id='word_1_187' title='bbox 1055 3769 1176 3833; x_wconf 77' lang='lat' dir='ltr'>eupiditate</span> <span class='ocrx_word' id='word_1_188' title='bbox 1182 3770 1319 3820; x_wconf 78' lang='lat' dir='ltr'>divitiarum.</span> 
     </span>
     <span class='ocr_line' id='line_1_31' title="bbox 192 3831 771 3895; baseline 0 -15"><span class='ocrx_word' id='word_1_189' title='bbox 192 3850 222 3880; x_wconf 92' lang='lat' dir='ltr'>ne</span> <span class='ocrx_word' id='word_1_190' title='bbox 232 3835 322 3882; x_wconf 69' lang='lat' dir='ltr'>boetum</span> <span class='ocrx_word' id='word_1_191' title='bbox 334 3831 393 3880; x_wconf 81' lang='lat' dir='ltr'>dicut</span> <span class='ocrx_word' id='word_1_192' title='bbox 403 3848 462 3888; x_wconf 87' lang='lat' dir='ltr'>eum,</span> <span class='ocrx_word' id='word_1_193' title='bbox 474 3833 512 3895; x_wconf 88' lang='lat' dir='ltr'>qui</span> <span class='ocrx_word' id='word_1_194' title='bbox 524 3847 564 3881; x_wconf 85' lang='lat' dir='ltr'>rex</span> <span class='ocrx_word' id='word_1_195' title='bbox 574 3839 598 3879; x_wconf 90' lang='lat' dir='ltr'>et</span> <span class='ocrx_word' id='word_1_196' title='bbox 608 3832 672 3879; x_wconf 84' lang='lat' dir='ltr'>dives</span> <span class='ocrx_word' id='word_1_197' title='bbox 683 3839 771 3880; x_wconf 78' lang='lat' dir='ltr'>tontum</span> 
     </span>
     <span class='ocr_line' id='line_1_32' title="bbox 191 3905 784 3948; baseline 0 0"><span class='ocrx_word' id='word_1_198' title='bbox 191 3905 234 3948; x_wconf 83' lang='lat' dir='ltr'>ert.</span> <span class='ocrx_word' id='word_1_199' title='bbox 782 3905 784 3910; x_wconf 83' lang='grc'>’</span> 
     </span>
     <span class='ocr_line' id='line_1_33' title="bbox 193 3961 1161 4075; baseline 0.003 -65"><span class='ocrx_word' id='word_1_200' title='bbox 193 4027 209 4075; x_wconf 69' lang='lat' dir='ltr'>S</span> <span class='ocrx_word' id='word_1_201' title='bbox 227 3966 257 4010; x_wconf 83' lang='lat'>19</span> <span class='ocrx_word' id='word_1_202' title='bbox 279 3963 360 4018; x_wconf 69' lang='lat' dir='ltr'>Vartus,</span> <span class='ocrx_word' id='word_1_203' title='bbox 372 3961 395 4011; x_wconf 90' lang='lat' dir='ltr'>h.</span> <span class='ocrx_word' id='word_1_204' title='bbox 406 3978 427 4010; x_wconf 86' lang='lat' dir='ltr'>e.</span> <span class='ocrx_word' id='word_1_205' title='bbox 441 3961 560 4025; x_wconf 80' lang='lat' dir='ltr'>Sapientia,</span> <span class='ocrx_word' id='word_1_206' title='bbox 573 3977 613 4009; x_wconf 85' lang='lat' dir='ltr'>sen</span> <span class='ocrx_word' id='word_1_207' title='bbox 629 3962 769 4026; x_wconf 79' lang='lat' dir='ltr'>philosophia</span> <span class='ocrx_word' id='word_1_208' title='bbox 1017 3962 1095 4012; x_wconf 79' lang='lat' dir='ltr'>ODE</span> <span class='ocrx_word' id='word_1_209' title='bbox 1112 3963 1161 4013; x_wconf 79' lang='grc' dir='ltr'><strong>ΙΙΙ.</strong></span> 
     </span>
     <span class='ocr_line' id='line_1_34' title="bbox 211 4029 276 4076; baseline 0 0"><span class='ocrx_word' id='word_1_210' title='bbox 211 4029 276 4076; x_wconf 81' lang='lat' dir='ltr'>toica.</span> 
     </span>
     <span class='ocr_line' id='line_1_35' title="bbox 224 4091 1252 4156; baseline 0.003 -16"><span class='ocrx_word' id='word_1_211' title='bbox 224 4093 306 4141; x_wconf 87' lang='lat' dir='ltr'>Stoicis</span> <span class='ocrx_word' id='word_1_212' title='bbox 322 4107 389 4140; x_wconf 87' lang='lat' dir='ltr'>nemo</span> <span class='ocrx_word' id='word_1_213' title='bbox 400 4091 453 4140; x_wconf 85' lang='lat' dir='ltr'>Rex</span> <span class='ocrx_word' id='word_1_214' title='bbox 470 4099 505 4139; x_wconf 88' lang='lat' dir='ltr'>est</span> <span class='ocrx_word' id='word_1_215' title='bbox 520 4098 603 4153; x_wconf 85' lang='lat' dir='ltr'>praeter</span> <span class='ocrx_word' id='word_1_216' title='bbox 619 4107 689 4139; x_wconf 91' lang='lat' dir='ltr'>unum</span> <span class='ocrx_word' id='word_1_217' title='bbox 705 4091 769 4155; x_wconf 80' lang='lat' dir='ltr'>Supi-</span> <span class='ocrx_word' id='word_1_218' title='bbox 837 4095 847 4138; x_wconf 88' lang='lat' dir='ltr'>l</span> <span class='ocrx_word' id='word_1_219' title='bbox 867 4093 980 4154; x_wconf 72' lang='lat' dir='ltr'>Equam,</span> <span class='ocrx_word' id='word_1_220' title='bbox 989 4091 1126 4156; x_wconf 80' lang='lat' dir='ltr'>Metuphora</span> <span class='ocrx_word' id='word_1_221' title='bbox 1137 4109 1151 4142; x_wconf 78' lang='lat' dir='ltr'>a</span> <span class='ocrx_word' id='word_1_222' title='bbox 1162 4101 1252 4143; x_wconf 76' lang='lat' dir='ltr'>statera.</span> 
     </span>
     <span class='ocr_line' id='line_1_36' title="bbox 191 4156 1381 4224; baseline 0.005 -20"><span class='ocrx_word' id='word_1_223' title='bbox 191 4164 273 4214; x_wconf 86' lang='lat' dir='ltr'>entem,</span> <span class='ocrx_word' id='word_1_224' title='bbox 296 4165 321 4204; x_wconf 92' lang='lat' dir='ltr'>nt</span> <span class='ocrx_word' id='word_1_225' title='bbox 343 4158 423 4219; x_wconf 71' lang='lat' dir='ltr'>qussrus</span> <span class='ocrx_word' id='word_1_226' title='bbox 445 4156 500 4204; x_wconf 89' lang='lat' dir='ltr'>nihil</span> <span class='ocrx_word' id='word_1_227' title='bbox 517 4157 603 4204; x_wconf 90' lang='lat' dir='ltr'>bonum</span> <span class='ocrx_word' id='word_1_228' title='bbox 626 4157 686 4218; x_wconf 89' lang='lat' dir='ltr'>quod</span> <span class='ocrx_word' id='word_1_229' title='bbox 706 4165 770 4204; x_wconf 82' lang='lat' dir='ltr'>extra</span> <span class='ocrx_word' id='word_1_230' title='bbox 834 4157 950 4204; x_wconf 80' lang='lat' dir='ltr'>Memento</span> <span class='ocrx_word' id='word_1_231' title='bbox 962 4157 1056 4206; x_wconf 81' lang='lat' dir='ltr'>dicimus</span> <span class='ocrx_word' id='word_1_232' title='bbox 1067 4159 1096 4206; x_wconf 91' lang='lat' dir='ltr'>de</span> <span class='ocrx_word' id='word_1_233' title='bbox 1105 4175 1130 4206; x_wconf 89' lang='lat' dir='ltr'>re</span> <span class='ocrx_word' id='word_1_234' title='bbox 1142 4159 1199 4207; x_wconf 83' lang='lat' dir='ltr'>seria</span> <span class='ocrx_word' id='word_1_235' title='bbox 1210 4168 1233 4208; x_wconf 88' lang='lat' dir='ltr'>et</span> <span class='ocrx_word' id='word_1_236' title='bbox 1244 4161 1322 4224; x_wconf 75' lang='lat' dir='ltr'>magni</span> <span class='ocrx_word' id='word_1_237' title='bbox 1331 4177 1381 4210; x_wconf 88' lang='lat' dir='ltr'>rno-</span> 
     </span>
     <span class='ocr_line' id='line_1_37' title="bbox 189 4220 880 4284; baseline 0.001 -16"><span class='ocrx_word' id='word_1_238' title='bbox 189 4223 263 4283; x_wconf 84' lang='lat' dir='ltr'>ipsum</span> <span class='ocrx_word' id='word_1_239' title='bbox 274 4223 374 4269; x_wconf 78' lang='lat' dir='ltr'>animum</span> <span class='ocrx_word' id='word_1_240' title='bbox 386 4229 427 4276; x_wconf 83' lang='lat' dir='ltr'>est,</span> <span class='ocrx_word' id='word_1_241' title='bbox 439 4221 528 4284; x_wconf 81' lang='lat' dir='ltr'>quodve</span> <span class='ocrx_word' id='word_1_242' title='bbox 538 4220 619 4268; x_wconf 84' lang='lat' dir='ltr'>auferri</span> <span class='ocrx_word' id='word_1_243' title='bbox 631 4223 709 4283; x_wconf 83' lang='lat' dir='ltr'>possit.</span> <span class='ocrx_word' id='word_1_244' title='bbox 801 4223 880 4269; x_wconf 87' lang='lat' dir='ltr'>menti.</span> 
     </span>
     <span class='ocr_line' id='line_1_38' title="bbox 222 4286 1475 4350; baseline 0.002 -16"><span class='ocrx_word' id='word_1_245' title='bbox 222 4290 252 4334; x_wconf 79' lang='lat'>21</span> <span class='ocrx_word' id='word_1_246' title='bbox 272 4286 389 4350; x_wconf 79' lang='lat' dir='ltr'>Significat</span> <span class='ocrx_word' id='word_1_247' title='bbox 401 4286 520 4336; x_wconf 81' lang='lat' dir='ltr'>Phrolratis</span> <span class='ocrx_word' id='word_1_248' title='bbox 536 4287 637 4334; x_wconf 74' lang='lat' dir='ltr'>diadema</span> <span class='ocrx_word' id='word_1_249' title='bbox 653 4302 767 4349; x_wconf 83' lang='lat' dir='ltr'>nunquam</span> <span class='ocrx_word' id='word_1_250' title='bbox 833 4287 951 4344; x_wconf 82' lang='lat' dir='ltr'>Arduum,</span> <span class='ocrx_word' id='word_1_251' title='bbox 963 4295 986 4334; x_wconf 85' lang='lat' dir='ltr'>et</span> <span class='ocrx_word' id='word_1_252' title='bbox 997 4289 1136 4336; x_wconf 79' lang='lat' dir='ltr'>inaccessum</span> <span class='ocrx_word' id='word_1_253' title='bbox 1147 4297 1171 4337; x_wconf 88' lang='lat' dir='ltr'>et</span> <span class='ocrx_word' id='word_1_254' title='bbox 1180 4290 1280 4338; x_wconf 82' lang='lat' dir='ltr'>difficile.</span> <span class='ocrx_word' id='word_1_255' title='bbox 1474 4339 1475 4348; x_wconf 47' lang='grc'>,</span> 
     </span>
     <span class='ocr_line' id='line_1_39' title="bbox 189 4351 1475 4413; baseline 0.005 -15"><span class='ocrx_word' id='word_1_256' title='bbox 189 4351 237 4398; x_wconf 84' lang='lat' dir='ltr'>fore</span> <span class='ocrx_word' id='word_1_257' title='bbox 249 4358 330 4398; x_wconf 86' lang='lat' dir='ltr'>tutum.</span> <span class='ocrx_word' id='word_1_258' title='bbox 832 4353 981 4409; x_wconf 64' lang='lat' dir='ltr'>ermanno,</span> <span class='ocrx_word' id='word_1_259' title='bbox 992 4355 1063 4404; x_wconf 70' lang='lat' dir='ltr'>oddo</span> <span class='ocrx_word' id='word_1_260' title='bbox 1079 4356 1166 4403; x_wconf 69' lang='lat' dir='ltr'>oriendi.</span> <span class='ocrx_word' id='word_1_261' title='bbox 1181 4355 1204 4402; x_wconf 79' lang='lat' dir='ltr'>h.</span> <span class='ocrx_word' id='word_1_262' title='bbox 1215 4372 1235 4403; x_wconf 84' lang='lat' dir='ltr'>e.</span> <span class='ocrx_word' id='word_1_263' title='bbox 1246 4355 1378 4413; x_wconf 79' lang='lat' dir='ltr'>inconsulta,</span> <span class='ocrx_word' id='word_1_264' title='bbox 1474 4365 1475 4397; x_wconf 70' lang='lat' dir='ltr'>i</span> 
     </span>
     <span class='ocr_line' id='line_1_40' title="bbox 221 4416 924 4479; baseline 0.003 -16"><span class='ocrx_word' id='word_1_265' title='bbox 221 4419 252 4463; x_wconf 77' lang='lat'>22</span> <span class='ocrx_word' id='word_1_266' title='bbox 271 4417 392 4475; x_wconf 61' lang='lat' dir='ltr'>Propriam</span> <span class='ocrx_word' id='word_1_267' title='bbox 403 4433 444 4479; x_wconf 90' lang='lat' dir='ltr'>pro</span> <span class='ocrx_word' id='word_1_268' title='bbox 452 4423 582 4478; x_wconf 82' lang='lat' dir='ltr'>perpetuum</span> <span class='ocrx_word' id='word_1_269' title='bbox 590 4416 660 4476; x_wconf 68' lang='lat' dir='ltr'>nint,</span> <span class='ocrx_word' id='word_1_270' title='bbox 679 4417 766 4465; x_wconf 89' lang='lat' dir='ltr'>utVir·</span> <span class='ocrx_word' id='word_1_271' title='bbox 801 4417 924 4465; x_wconf 83' lang='lat' dir='ltr'>temerario.</span> 
     </span>
     <span class='ocr_line' id='line_1_41' title="bbox 188 4481 534 4546; baseline -0.003 -17"><span class='ocrx_word' id='word_1_272' title='bbox 188 4481 228 4542; x_wconf 73' lang='lat' dir='ltr'>gil</span> <span class='ocrx_word' id='word_1_273' title='bbox 245 4482 270 4529; x_wconf 78' lang='lat' dir='ltr'>si</span> <span class='ocrx_word' id='word_1_274' title='bbox 275 4483 397 4541; x_wconf 73' lang='lat' dir='ltr'>proprium</span> <span class='ocrx_word' id='word_1_275' title='bbox 407 4484 447 4528; x_wconf 78' lang='lat' dir='ltr'>doc</span> <span class='ocrx_word' id='word_1_276' title='bbox 449 4481 534 4546; x_wconf 75' lang='lat' dir='ltr'>sumt</span> 
     </span>
    </p>
   </div>
   <div class='ocr_carea' id='block_1_11' title="bbox 0 0 1486 5022">
    <p class='ocr_par' dir='ltr' id='par_1_11' title="bbox 0 0 1486 5022">
     <span class='ocr_line' id='line_1_42' title="bbox 0 0 1486 5022; baseline 0 8"><span class='ocrx_word' id='word_1_277' title='bbox 0 0 1486 5022; x_wconf 95' lang='lat' dir='ltr'> </span> 
     </span>
    </p>
   </div>
  </div>
 </body>
</html>
