2972 5020
208 333 270 394 306
555 326 597 404 Q.
622 323 829 392 HORATII
853 323 1025 391 FLACCI

311 477 453 565 ‘Peccet
466 499 507 565 ad
522 511 698 564 extremum
712 497 874 576 ridendus,
889 510 922 564 et
935 498 989 564 ilia
1001 475 1126 563 ducat.”

253 619 294 675 10
338 611 434 675 Nunc
447 610 553 697 itaque
567 622 600 676 et
613 631 721 674 versus
736 623 768 674 et
781 621 895 678 caetera
908 608 1031 673 ludicra
1044 630 1147 694 pono:

337 720 426 797 Quid
438 741 547 784 verum
558 731 652 807 atque
667 718 781 784 decens
796 741 873 783 curo
885 731 917 782 et
927 741 1017 806 rogo,
1033 730 1065 783 et
1075 718 1177 783 omnis
1189 717 1222 782 in
1233 717 1297 783 hoc
1308 738 1413 782 sum:

337 829 452 896 Coudo
466 841 498 895 et
511 851 668 916 compono
682 852 754 917 quae
769 850 845 891 mox
859 827 1046 913 depromere
1058 830 1188 914 possim.

335 941 386 1005 Ac
400 963 441 1005 ne
455 925 540 1004 forte
550 962 653 1025 roges,
669 961 733 1026 quo
748 961 799 1002 me
813 938 904 1016 duce,
920 961 984 1026 quo
997 939 1064 1003 lare
1077 951 1179 1004 tuter:

335 1050 462 1114 Nullius
477 1050 620 1118 addictus
630 1050 740 1137 jurare
753 1049 785 1112 in
801 1048 897 1112 verba
910 1050 1062 1138 magistri,

336 1157 412 1235 Quo
426 1180 478 1223 me
492 1181 617 1246 cunque
630 1161 713 1244 rapit
727 1170 906 1242 tempestas,
922 1158 1047 1223 deferor
1060 1159 1187 1246 hospes.

334 1271 430 1334 Nunc
444 1271 533 1356 agilis
547 1269 601 1348 fio,
618 1281 650 1334 et
663 1289 785 1334 mersor
799 1268 941 1333 civilibus
956 1269 1060 1348 undis,

333 1380 467 1446 Virtutis
483 1403 565 1445 verae
580 1392 685 1444 custos
699 1379 882 1466 rigidusque
897 1380 1038 1445 satelles:

334 1492 429 1556 Nunc
443 1493 476 1555 in
493 1492 648 1576 Aristippi
662 1491 769 1555 furtim
783 1503 943 1576 praecepta
958 1491 1092 1570 relabor,

333 1601 376 1666 Et
389 1601 468 1664 mihi
481 1623 542 1680 res,
558 1624 623 1665 non
638 1625 689 1666 me
703 1601 807 1679 rebus,
824 1601 1013 1688 subjungere
1028 1623 1135 1667 conor.

335 1711 383 1794 Ut
395 1733 461 1775 nox
475 1711 581 1798 longa,
597 1712 711 1798 quibus
725 1711 876 1775 mentitur
889 1711 999 1789 amica,
1015 1711 1145 1797 diesque

336 1821 440 1887 Lenta
454 1821 577 1887 videtur
591 1842 671 1906 opus
687 1820 891 1897 debentibus;
913 1832 949 1888 ut
964 1820 1054 1906 piger
1068 1843 1170 1885 annus

336 1931 478 2021 Pupillis,
495 1953 574 2018 quos
588 1930 669 1996 dura
681 1932 797 2018 premit
811 1931 954 1996 custodia
966 1942 1122 1996 matrum:
1159 1977 1163 1988 .

331 2042 385 2108 Sic
400 2041 477 2106 mihi
491 2040 582 2108 tarda
595 2042 697 2106 fluunt
711 2043 896 2128 ingrataque
910 2053 1063 2126 tempora,
1079 2065 1151 2129 quae
1166 2065 1257 2128 spem

334 2151 571 2238 Consiliumque
586 2150 750 2218 morantur
764 2150 878 2238 agendi
891 2151 1035 2236 gnaviter
1048 2151 1082 2219 id
1096 2153 1183 2240 quod

331 2241 439 2349 AEqud
453 2262 644 2348 pauperibus
658 2261 798 2350 prodest,
813 2260 1022 2345 locupletibus
1036 2247 1145 2352 aequ33

329 2355 437 2460 AEque
451 2371 629 2459 neglectum
644 2371 750 2455 pueris
765 2371 955 2456 senibusque
969 2371 1104 2437 nocebit.

331 2482 452 2561 Restat,
468 2481 566 2548 uthis
582 2503 642 2571 ego
657 2503 708 2545 me
721 2481 789 2568 ipse
804 2503 912 2568 regam
927 2481 1073 2568 solerque
1087 2482 1266 2552 elementis:

331 2593 408 2657 Non
422 2593 523 2678 possis
538 2592 631 2658 oculo
645 2602 798 2682 quantum
813 2591 1004 2656 contendere
1019 2591 1177 2678 Lynceus,

331 2704 407 2767 Non
421 2715 527 2770 tamen
542 2688 659 2768 idcircb
673 2713 856 2768 contemnas
871 2703 976 2790 lippus
991 2703 1143 2791 inungui3

201 2979 230 3024 10
246 2976 332 3023 ludicra
342 2981 425 3022 caetera
434 2971 488 3020 MS.
498 2973 589 3018 Buten.
671 2973 700 3017 16
711 2969 966 3018 verumutetur
973 2977 995 3018 et
1003 2971 1089 3020 Boar‘t.
1098 2971 1126 3020 Z.
1133 2972 1197 3020 Med.
1209 2973 1280 3022 retr.
1290 2974 1316 3022 u.
1333 2976 1392 3023 Vm.

234 3041 298 3090 Glor.
362 3041 392 3085 21
411 3037 486 3085 Lentu
503 3037 581 3083 Bentl.
594 3050 621 3082 cr
637 3035 691 3086 MS.
705 3043 790 3082 vetusto
807 3036 904 3090 Bartir'i,
921 3037 982 3098 quod
997 3036 1023 3082 ob
1035 3037 1170 3098 elegorum
1179 3045 1201 3084 et
1211 3040 1345 3087 matera
1355 3042 1391 3087 di-

230 3106 296 3153 cendi
312 3104 384 3163 accepi
390 3118 434 3162 pro
451 3101 596 3162 mdgdouga.
627 3101 664 3147 Sic
674 3114 721 3150 nox
732 3100 808 3162 longa,
826 3099 873 3146 dies
883 3099 944 3146 lenta
954 3108 976 3146 et
986 3115 1059 3147 annus
1069 3101 1134 3164 piger
1147 3110 1284 3150 commutate
1295 3105 1391 3152 denar.

232 3171 260 3217 Ζ.
287 3205 290 3210 .
324 3170 356 3215 28
365 3167 443 3214 oculos
453 3165 625 3214 Lamo.Bene1.
634 3173 656 3212 et
667 3165 736 3212 MSS.
746 3165 837 3212 serra
900 3166 933 3211 29
948 3164 1028 3227 inungi
1038 3166 1089 3212 edd.
1098 3173 1149 3214 vett.

195 3368 377 3432 xubcoufectu'
389 3371 496 3432 pudescit:
516 3368 606 3416 Ennius
616 3369 675 3431 apud
686 3367 737 3418 tte.
747 3369 775 3418 de
841 3372 872 3416 lo
888 3369 961 3431 Agdt'a
972 3370 1027 3434 fio,-
1054 3371 1124 3418 vium
1145 3370 1213 3418 laudo
1234 3372 1332 3429 civilem,
1363 3385 1389 3425 ut
1475 3349 1476 3372 Χ

198 3439 251 3490 Seu.
262 3451 283 3486 c.
293 3439 316 3486 ὁ.
349 3436 410 3483 Solve
421 3435 468 3485 scil.
478 3434 507 3482 de
517 3449 592 3482 curru.
807 3433 910 3482 Stoicus:
930 3449 982 3488 nam
994 3433 1101 3496 Epicurei
1112 3435 1153 3484 ribi
1163 3437 1251 3493 virtum,
1268 3446 1293 3488 at
1308 3455 1389 3490 emm

227 3507 243 3550 9
259 3502 306 3549 ma
313 3502 383 3548 ducat
389 3499 539 3564 ,frequenter
548 3497 645 3549 anhelet.
806 3497 952 3565 Reipublicae,
965 3500 983 3548 si
994 3499 1089 3546 molesta
1098 3499 1174 3547 tirtura
1184 3508 1225 3560 est,
1240 3502 1343 3565 sapiente
1353 3507 1389 3554 iu-

232 3570 262 3614 m
278 3566 359 3612 Versus
368 3564 553 3626 lyricosludicm
561 3563 646 3610 satiras.
806 3564 897 3626 dignam
920 3571 1014 3626 putant:
1045 3563 1108 3612 atti
1134 3564 1217 3622 βιαίας
1244 3569 1385 3633 praeeipuum

232 3635 260 3678 ll
284 3632 376 3685 Venor,
392 3629 466 3676 animi
479 3629 572 3676 muru.
595 3625 706 3676 Tinctis
718 3626 775 3684 uita
805 3629 886 3675 horum
899 3627 994 3691 Dogma
1004 3635 1046 3679 est.

232 3700 261 3744 12
279 3696 354 3744 Cortdo
364 3702 386 3742 et
396 3709 510 3755 cornporw,
526 3689 624 3740 recondo
635 3693 693 3742 etin
704 3708 774 3740 unum
841 3697 870 3740 la
888 3693 1017 3754 Aristirpms
1026 3701 1092 3740 xctoe
1103 3692 1242 3756 Cyrench
1251 3696 1387 3761 voluptaria

197 3775 330 3878 milezius
344 3824 407 3877 Ιανες
423 3823 447 3872 b.
457 3837 477 3870 e.
493 3821 517 3870 in
532 3823 596 3885 cujus
608 3820 773 3886 Philosophicae
805 3758 1231 3880 maffisthampppffitdgpqcpmm
1248 3834 1335 3875 nutum
1347 3829 1386 3878 ku.

195 3891 276 3939 domus
288 3888 391 3936 clientela
400 3887 451 3936 airu.
804 3887 890 3935 mamm
911 3895 939 3936 ut
959 3903 974 3932 a
996 3887 1121 3948 Republica
1141 3897 1250 3950 regotur.-
1275 3891 1387 3954 Epicm'

230 3957 260 4002 14
276 3953 395 4010 Aratum.
418 3951 491 4000 lactus
509 3952 575 3999 alieni
594 3949 668 4014 juris:
693 3951 773 4000 Secre-
804 3967 854 3999 vau
864 3960 892 4000 ut
901 3955 966 4000 torno
978 3953 1152 4012 Rempublr'cum
1162 3962 1232 4014 rugat.

194 4028 272 4068 mento
289 4019 429 4066 devovebant
446 4031 470 4064 se
486 4015 578 4064 clientes
594 4024 618 4064 et
633 4016 714 4064 milites
731 4033 772 4080 pro
836 4018 867 4064 21
888 4017 950 4078 Opus
964 4017 1105 4074 reumata„
1122 4019 1274 4068 curcenarir'r.

193 4084 267 4132 salute
278 4084 367 4140 ducum,
385 4081 459 4132 verbis
470 4081 497 4129 ab
507 4081 561 4144 ipsis
573 4080 665 4130 ducibus
676 4097 772 4146 concep-
836 4084 868 4128 22
885 4083 981 4136 Premit,
995 4082 1117 4144 compescit
1127 4083 1197 4131 veluti
1207 4083 1288 4133 fraeno.

195 4149 232 4196 tis.
837 4148 870 4192 at
887 4147 1017 4202 eoactum,
1033 4148 1181 4209 propositum.
1212 4150 1244 4196 Id
1262 4152 1326 4214 quod
1344 4161 1385 4202 etc.

229 4216 258 4260 1⁵
275 4213 370 4272 Hospes,
379 4211 407 4260 ad
416 4212 489 4261 varias
500 4210 684 4273 philosophorum
693 4219 772 4267 sectas,
804 4211 827 4258 h.
838 4225 858 4258 e.
870 4212 984 4273 sapientiae
994 4211 1129 4274 virtutisque
1140 4213 1246 4262 studium.

194 4283 301 4338 tanquam
312 4277 341 4323 ad
358 4277 408 4324 loca
423 4278 501 4330 aliena,
519 4275 633 4337 inquibus
650 4290 695 4322 non
711 4277 773 4323 habi·
836 4278 869 4323 27
886 4277 1017 4330 numeru,
1025 4278 1143 4338 pmcpat
1150 4279 1241 4338 prinus.

192 4348 248 4398 ture,
260 4342 299 4388 red
310 4348 398 4394 tuntum
413 4341 548 4402 aliquamdiu
559 4341 693 4391 commorari
704 4341 772 4390 animi
836 4343 868 4387 28
886 4342 944 4390 Non
958 4342 1040 4402 posn's;
1059 4343 1204 4404 supprimitur
1215 4343 1248 4392 Si.

191 4420 258 4457 caure
269 4405 339 4454 soleo.
839 4407 976 4456 eorumden
986 4407 1066 4462 ocub-
1083 4413 1191 4460 contento
1202 4408 1270 4456 oculo
1282 4409 1365 4462 ridere.
