2964 5022
431 303 700 377 CARMINUM
722 302 798 368 Lm.
823 298 868 366 11.
893 307 921 363 t.

146 499 166 558 5
214 491 279 556 Seu
293 496 419 552 moestus
433 483 522 550 omni
536 495 679 566 tempore
693 476 821 554 vixeris,

211 600 277 666 Seu
290 611 320 665 te
334 599 367 661 in
380 607 504 662 remoto
518 591 661 680 gramine
675 611 733 676 per
747 587 814 652 dies

258 711 366 776 Festos
382 708 568 773 reclinatum
582 702 684 768 bearis

298 819 453 886 Interiore
467 829 544 882 nota
560 813 706 890 Falerni3

208 933 285 1011 Qua
297 931 392 1018 pinus
406 930 519 1016 ingens
534 927 668 1012 albaque
683 920 820 1009 populus

128 1053 164 1111 10
209 1041 368 1108 Umbram
381 1038 571 1125 hospitalem
585 1035 768 1101 consociare
782 1046 889 1099 amant

255 1151 375 1229 Remis,
390 1164 423 1216 et
436 1149 567 1237 obliquo
581 1146 705 1212 laborat

298 1260 449 1348 Lympha
461 1259 560 1348 fugax
574 1256 733 1343 trepidare
747 1256 826 1322 rivo.

207 1375 289 1441 Huc
302 1374 376 1438 vina
389 1384 422 1437 et
435 1388 599 1458 unguenta
612 1381 645 1434 et
658 1367 791 1434 nimium
806 1367 917 1433 breves

208 1486 322 1551 Flores
337 1505 472 1550 amoenae
486 1481 568 1548 ferre
578 1480 657 1566 jube
671 1502 763 1557 rosae,

130 1609 163 1664 15
250 1598 341 1663 Dum
356 1616 407 1660 res
421 1607 453 1659 et
466 1605 543 1658 aetas
557 1604 590 1657 et
604 1611 750 1656 sororum

298 1707 368 1772 Fila
381 1705 475 1771 trium
491 1705 655 1790 patiuntur
669 1715 747 1768 atra.

208 1817 314 1883 cedes
329 1817 460 1882 ooiimtis
475 1815 615 1894 saltibuS,
632 1828 664 1880 et
677 1815 784 1893 domo,

206 1927 366 2015 Villaque,
381 1927 481 1992 flavus
496 1948 591 2014 quam
608 1925 734 1991 Tiberis
748 1925 844 1990 lavit:

253 2038 376 2115 Cedes3
399 2049 431 2102 et
445 2037 612 2101 exstructis
627 2037 659 2100 in
675 2036 774 2102 altum

130 2160 168 2216 20
296 2149 424 2215 Divitiis
438 2148 576 2233 potietur
589 2147 703 2213 haeres.

209 2262 362 2338 Divesne,
378 2259 484 2345 prisco
497 2271 590 2324 natus
605 2258 646 2323 ab
662 2257 794 2337 Inacho,

207 2371 264 2436 Nil
280 2372 420 2448 interest,
437 2393 478 2434 an
492 2392 624 2456 pauper,
635 2382 672 2434 et
685 2369 795 2432 infima

250 2481 306 2546 De
320 2493 415 2568 gente
430 2481 577 2546 subdivo
591 2480 734 2558 moreris,

297 2592 435 2656 Victima
448 2591 494 2655 nil
509 2591 685 2655 miserantis
702 2589 790 2654 Orci.

134 2707 169 2766 25
210 2702 333 2769 Omnes
348 2703 459 2768 eodem
475 2703 636 2790 cogimur:
660 2702 803 2765 omnium

211 2813 365 2879 Versatur
379 2836 461 2878 urna
475 2813 574 2878 serius
589 2814 676 2877 ocius

255 2926 334 2991 Sors
348 2924 482 3002 exitura,
498 2935 530 2988 et
544 2945 604 2986 nos
618 2922 651 2986 irr
661 2936 817 2989 aeternum

299 3035 455 3100 Exsilium
472 3033 658 3118 impositura
672 3035 804 3122 cymbae.

109 3191 206 3248 mmsis
221 3198 274 3246 Vsu.
285 3199 372 3246 Lamb.
383 3199 461 3246 Beml.
471 3205 492 3244 et
500 3197 555 3244 Ian.
565 3197 626 3258 quod
635 3197 730 3245 latinius
740 3199 829 3248 uidetur
838 3200 1019 3262 qrmmuliomm
1028 3215 1082 3264 quo.
1093 3199 1120 3248 Z.
1155 3201 1182 3246 ll
1196 3197 1277 3247 Remis

132 3263 305 3326 quomlquoque
316 3265 388 3312 Brod.
402 3262 662 3322 assentiremus,
674 3262 699 3310 ie.
710 3264 742 3309 R.
753 3266 828 3324 steps.
839 3265 908 3313 Base.
940 3263 1021 3312 Remis
1032 3273 1055 3313 et
1066 3266 1137 3313 Lech.
1151 3265 1186 3312 H.
1202 3267 1277 3326 Steiris.

131 3331 164 3371 eu.
177 3325 206 3374 G.
235 3327 318 3376 rumis
333 3343 378 3391 qus
393 3328 477 3376 Lanrt.
494 3325 574 3373 rumis
591 3341 635 3386 qus
651 3333 674 3373 et
690 3327 735 3374 obi.
753 3329 852 3390 Cuniug.
860 3339 884 3377 et
897 3332 952 3377 lau.
984 3332 1028 3377 Sed
1043 3345 1124 3385 remor,
1141 3345 1171 3376 ue
1181 3344 1226 3391 qus
1235 3337 1278 3376 uus

134 3403 168 3448 quo
176 3393 323 3453 aegimio.
357 3397 386 3442 18
402 3393 477 3440 brevis
493 3394 528 3438 ed.
543 3393 618 3438 Verret.
633 3399 655 3438 es
671 3394 742 3439 Sciret.
753 3394 840 3441 Acron.
851 3397 896 3456 qui,
909 3395 998 3450 Brevis,
1009 3396 1091 3456 iuquit,
1106 3395 1218 3455 genitivus
1228 3402 1274 3441 est:

133 3452 188 3502 breuis
195 3466 269 3506 mum
278 3459 324 3506 cuo
332 3459 496 3506 mammae
506 3457 639 3515 temporalis,
648 3465 675 3502 ut
682 3471 752 3516 sumu
763 3459 833 3506 breve
843 3459 923 3514 lilium.
957 3461 987 3507 lt
998 3473 1101 3506 smoenos
1114 3462 1175 3508 citu.
1185 3461 1240 3507 mm
1255 3466 1278 3506 es

134 3517 390 3637 Ἠαέὲαηὶῗςηέἀωη
400 3522 522 3570 sreoessusio
532 3528 571 3576 est,
582 3522 602 3568 ss'
608 3521 720 3581 silumm's
731 3523 812 3570 brevis.
851 3528 883 3572 23
894 3525 931 3572 dio
948 3527 1003 3573 Vsu.
1012 3533 1035 3572 et
1049 3525 1114 3573 our.
1145 3527 1177 3572 28
1189 3523 1277 3572 cumbe

135 3737 208 3790 srou
218 3751 322 3806 tempore,
335 3744 482 3808 supplevisse.
695 3743 766 3791 AEtos
786 3744 853 3792 etiam
870 3759 917 3794 vox
933 3744 1014 3792 mediae
1031 3741 1202 3806 significationis
1223 3750 1274 3792 ests

117 3803 252 3873 ,tumque
272 3811 358 3858 diuum
381 3809 474 3856 Ploeari
496 3807 582 3856 Genius
594 3807 663 3872 sestis
694 3816 730 3856 est
742 3809 803 3856 enim
817 3809 855 3856 vel
864 3811 975 3872 juventus
987 3809 1023 3856 vel
1035 3817 1148 3856 senectus.

113 3877 185 3924 ΜΡΝ
199 3874 276 3931 diebus,
295 3876 326 3923 de
341 3876 400 3922 Arte
418 3873 484 3920 Pots
499 3887 522 3920 v.
541 3875 597 3920 209.
608 3872 664 3920 Vrd.
730 3877 759 3921 16
776 3875 836 3921 Atra
855 3881 908 3921 sunt
930 3874 1006 3921 ornnia
1025 3875 1068 3921 ie.
1079 3874 1179 3928 obseura,
1197 3871 1279 3934 incog-

117 3929 186 3980 fflCrr.
196 3939 215 3984 1.
227 3941 247 3987 l.
258 3943 297 3990 20.
694 3937 747 3993 nita,
759 3939 817 4002 apud
828 3938 919 3994 inferos,
930 3955 1026 4000 quorum
1037 3953 1088 4001 pers
1100 3938 1189 3986 Parce.

138 3998 150 4040 θ
162 3999 257 4050 luteum
263 4013 327 4060 msa,
336 4004 399 4059 cado,
411 4003 503 4050 nomine
513 4001 612 4049 consulis
623 4017 665 4049 uo-
731 4007 758 4051 21
780 4005 883 4051 Iunctus
893 4005 1061 4065 antiquissimus
1070 4003 1210 4065 Argivorum
1217 4000 1279 4050 Rex.

117 4062 155 4112 ²³¹⁰,
163 4065 194 4122 qui
204 4071 329 4116 reconditus
339 4076 441 4116 servatur
449 4069 475 4114 in
484 4067 591 4114 interiore
601 4066 665 4116 cellae
730 4071 763 4115 23
779 4069 825 4118 Sub
831 4069 887 4124 diuo,
897 4070 938 4116 sub
949 4070 1001 4116 coelo
1011 4083 1073 4128 agas.

119 4132 167 4180 W
177 4129 196 4175 h.
205 4146 222 4177 e.
232 4133 282 4181 vino
297 4135 386 4197 optimo
394 4141 417 4180 et
427 4132 590 4180 vetustissimo.
730 4133 764 4180 24
782 4134 861 4188 Oresta,
872 4133 931 4180 idern
941 4134 979 4195 qui
988 4141 1011 4180 et
1023 4133 1100 4180 Pluto.

141 4190 413 4262 9Immra1upmisolia
424 4199 475 4244 albo
486 4205 548 4246 urm.
731 4201 763 4244 25
782 4200 895 4258 Cogimur,
918 4199 1080 4259 compellimur.
1115 4197 1200 4258 Tityre,
1223 4197 1279 4257 eoge

143 4255 163 4300 ¹2
179 4259 298 4322 Tm'dure,
307 4281 351 4328 pro
351 4263 473 4327 festinare.
695 4277 784 4326 pesum
798 4261 882 4326 virgis
1110 4279 1115 4292 ¹
1242 4287 1244 4293 v

144 4319 166 4364 ¹3
178 4323 264 4384 Βνευεες
296 4331 340 4378 sito
373 4335 522 4384 transeuntes,
556 4335 668 4388 rempom·
732 4331 764 4376 26
787 4330 860 4383 Urna,
872 4329 937 4390 quusi
947 4335 1004 4374 sorte
1014 4326 1095 4373 seilicet
1104 4326 1168 4374 ducti
1177 4327 1208 4372 ud
1218 4341 1280 4372 mor-

122 4393 160 4428 m·
698 4403 751 4441 tem.
770 4394 881 4441 Omnium
892 4393 1009 4438 hominum
1024 4405 1077 4446 sors,
1088 4393 1160 4458 paige,
1169 4399 1278 4444 uersutus,

146 4448 167 4493 ¹⁵
181 4453 219 4502 Ru
234 4457 283 4508 dicit
292 4475 335 4522 pro
347 4473 447 4522 pratens
459 4473 501 4514 res,
514 4457 551 4506 vel
568 4457 663 4506 occasio.
700 4460 808 4520 quatitur,
821 4457 948 4513 πάλλεται,
961 4473 1023 4504 urna
1036 4453 1094 4504 Fau.
