2964 5022
545 315 589 397 o.
610 305 820 390 nonam
843 307 1018 384 rancor

291 512 294 517 '
313 497 387 564 Sive
401 495 539 560 facturus
553 515 612 580 per
625 491 846 578 inhospitalem
921 503 922 508 ’

312 607 501 684 Caucasum,
517 604 566 670 vel
580 627 652 692 quae
666 603 736 668 loca
749 601 909 667 fabulosus

332 803 333 808 ἵ
485 713 613 780 Lambit
629 712 809 800 Hydaspes.
845 726 850 734 '

313 829 460 917 Namque
473 849 525 891 me
539 826 616 890 silva
629 824 723 911 lupus
738 825 770 888 in
787 824 913 900 Sabina,

232 949 272 1006 lo
314 940 404 1005 Dum
418 959 521 1003 meam
535 947 628 1001 canto
644 924 795 1021 Lalagen,
811 949 844 998 et
859 934 941 997 ultra

312 1046 499 1114 Terminum
513 1047 596 1112 curis
610 1067 709 1134 vagor
723 1044 887 1129 expeditis,
945 1033 948 1040 ’

442 1158 539 1246 Fugit
551 1157 713 1223 inermem.

314 1268 418 1346 Quale
431 1279 610 1354 portentum
627 1290 729 1354 neque
744 1243 885 1330 militaris

311 1377 456 1444 Daunias
470 1377 541 1442 latis
556 1377 611 1441 alit
624 1376 788 1454 aesculetis,

229 1497 269 1555 15
312 1487 382 1554 Nec
395 1488 489 1553 Jubae
504 1486 597 1552 tellus
610 1499 749 1572 generat,
767 1486 894 1551 leonum

442 1597 545 1662 Arida
557 1597 674 1662 nutrix.

315 1707 405 1773 Pone
419 1729 470 1772 me
484 1707 582 1794 pigris
596 1705 652 1771 ubi
666 1706 753 1770 nulla
767 1705 886 1790 campis

312 1817 421 1882 Arbor
434 1817 542 1882 aestira
556 1828 715 1882 recreatur
728 1838 815 1894 aura,
947 1887 950 1896 y

260 1971 262 1975 ,
315 1928 412 2007 Quod
427 1927 508 1992 latus
523 1926 634 1991 mundi
648 1925 771 1992 nebulae
785 1924 949 2012 malusque

214 2047 272 2108 ‚20
438 2037 588 2123 luppiter
602 2050 716 2124 urguet
723 2062 732 2114 3

316 2148 405 2214 Pone
416 2148 475 2213 sub
490 2169 585 2212 curru
599 2148 732 2211 nimium
746 2146 917 2234 propinqui

319 2258 412 2337 solis,
427 2258 461 2322 in
475 2270 560 2323 terra
573 2257 719 2322 domibus
733 2270 865 2348 negata3

317 2367 423 2436 Dulce
435 2367 592 2433 ridentem
608 2368 749 2456 Lalagen
763 2368 887 2448 amabo,

487 2477 593 2543 Dulce
607 2478 798 2569 loquentem.

188 2673 216 2719 ll
234 2668 351 2733 expeditus
360 2667 429 2715 etiam
440 2667 504 2716 aar.
552 2667 583 2712 ll
598 2665 702 2714 Daunias
713 2667 783 2715 MSS.
792 2683 830 2728 ap.
840 2669 918 2716 Bentl.
927 2669 952 2716 a.
970 2669 1022 2716 Call.
1033 2669 1084 2715 Sar.
1099 2668 1168 2715 MSS.
1187 2668 1247 2715 Gott.
1257 2675 1310 2716 tum
1324 2671 1381 2717 edd.

218 2737 284 2785 aur.
293 2735 388 2782 Lam.
399 2733 490 2780 Feltria.
502 2731 563 2779 Circe.
594 2730 687 2778 Daunia
695 2732 722 2778 in
734 2733 778 2779 Ro.
789 2735 862 2792 Steph.
879 2735 955 2780 Henr.
966 2735 1039 2794 Steplr.
1050 2733 1141 2780 Lumbi.
1152 2735 1230 2782 Bentl.
1245 2735 1309 2782 Tan.
1343 2734 1380 2782 G.

217 2801 245 2848 it.
260 2796 792 2859 Vaut.aedBauer.c.codd.quih1adamlegu
801 2797 893 2846 Daunia
903 2799 960 2854 latis,
972 2799 1039 2846 mole.
1071 2797 1099 2845 Ζ.

219 2961 418 3024 σῙηΙιοῳίιαΙεῃι,
441 2958 516 3020 ἄξενοι,
540 2959 578 3021 qui
597 2959 646 3008 aine
664 2960 763 3023 periculo
828 2963 860 3007 20
876 2959 957 3008 Malta
970 2961 1062 3022 Jupiter
1080 2961 1109 3008 de
1126 2961 1185 3009 eoelo
1204 2961 1253 3008 aive
1270 2961 1328 3019 a‘e‘re,
1350 2970 1378 3011 ut

189 3028 245 3078 adiri
255 3028 340 3090 nequit.
437 3046 441 3061 r
795 3026 1378 3089 hibernualrumidua,pluciaaapudhonospoetas.

220 3097 236 3140 'l
253 3093 387 3147 Focaneus,
398 3091 489 3145 claram
513 3089 645 3137 celebritatis
660 3095 683 3136 et
697 3087 765 3138 iamae
828 3094 860 3138 22
877 3087 917 3138 Ex
927 3097 1029 3138 veterum
1040 3091 1152 3152 opinione.
1169 3091 1256 3140 Zoaam
1267 3094 1376 3140 torridam

188 3159 237 3208 vim
250 3159 323 3204 habet.
796 3171 878 3218 nempe
892 3156 985 3202 habitari
997 3157 1109 3218 negabant
1122 3163 1214 3219 propter
1223 3157 1377 3208 intolerabiles

224 3224 255 3269 14
271 3221 356 3284 Appuli
368 3219 456 3268 Graeeis
467 3219 555 3266 Dauni.
796 3229 878 3268 aestas.

221 3286 322 3335 Esoulua
333 3292 369 3333 est
380 3285 515 3332 Graecorum
526 3281 595 3346 payle
604 3283 652 3331 aive
662 3299 763 3346 querens,
829 3289 861 3334 23
878 3284 985 3333 Imitatur
996 3285 1112 3332 Politriam
1124 3283 1222 3347 Sappho,

189 3354 255 3465 cujpp
265 3349 478 3462 ghendpti'bustaptiqui
486 3349 600 3461 lprortales
612 3351 765 3426 vescebantur.
896 3350 940 3397 Kal
951 3348 1047 3398 arteria
1060 3345 1101 3432 ἁξὺ
1112 3348 1192 3432 paupi-

357 3430 381 3462 ea
403 3431 486 3462 necao
512 3430 576 3462 auae
615 3430 709 3462 aunam.
1023 3431 1038 3461 r
1076 3430 1151 3461 virano
1165 3433 1181 3460 u

225 3486 256 3529 17
273 3481 355 3540 Plavis,
364 3480 456 3527 incultis
475 3487 499 3527 et
513 3430 625 3528 aienliiris
641 3480 669 3526 ob
686 3479 766 3544 frigus.
897 3480 941 3528 Kal
951 3433 1190 3544 patientiaque-[i

224 3549 256 3594 18
273 3545 534 3610 Recreoturfflefiatur.
