2964 5022
200 336 242 401 70
564 322 606 402 Q·
624 325 831 394 HORATII
855 317 1026 394 FLACCI

265 509 284 567 5
329 499 464 565 Evincet
476 499 597 586 ulmos:
620 511 688 565 tum
702 498 840 577 violaria,
856 510 889 563 et

329 609 468 697 Myrtus,
484 623 516 676 et
530 610 632 675 omnis
647 611 738 696 copie
752 609 886 688 narium,

376 722 534 809 Spargent
547 721 667 786 olivetis
683 719 825 798 odorem,

415 831 583 896 Fertilibus
597 829 727 896 domino
740 830 856 914 priori:

329 942 415 1006 Tum
428 941 528 1026 spissa
542 941 637 1005 ramis
652 940 759 1004 laurea
773 939 909 1004 fervidos

247 1061 287 1116 10
330 1049 490 1116 Excludet
503 1051 593 1114 ictus.
639 1050 715 1114 Non
729 1052 772 1114 itu
788 1050 919 1115 Romuli

371 1161 597 1246 Praescriptum
614 1173 646 1226 et
659 1161 776 1225 intonsi
791 1160 921 1225 Catonis

353 1337 355 1342 .
414 1273 583 1358 Auspiciis,
599 1283 802 1358 veterumque
816 1292 937 1336 norma.
968 1305 969 1308 ¹

331 1382 476 1448 Privatus
491 1383 551 1448 illis
567 1405 678 1447 census
692 1393 760 1446 erat
773 1381 887 1459 breviS,

332 1493 510 1558 Commune
524 1515 692 1580 magnum:
715 1492 802 1556 nulla
816 1490 1018 1578 decempedis

248 1612 286 1670 15
373 1603 497 1668 Metata
510 1603 639 1689 privatis
653 1624 785 1688 opacam

417 1713 561 1778 Porticus
577 1712 753 1798 excipiebat
767 1713 889 1794 Arcton
902 1734 912 1786 3

331 1825 401 1890 Nec
414 1823 579 1888 fortuitum
594 1845 743 1909 spernere
757 1821 907 1907 cespitem

332 1934 436 2022 Leges
451 1933 604 2014 sinebant,
620 1932 738 2019 oppida
751 1929 879 2018 publico

376 2045 489 2109 Sumtu
499 2045 646 2131 jubentes
661 2055 693 2109 et
707 2042 840 2108 deorum

247 2163 289 2220 20
417 2153 554 2241 Temple
566 2177 650 2220 novo
664 2154 815 2219 decorare
829 2173 917 2218 sexo.

203 2347 219 2390 ὁ
240 2341 900 2454 Glareanuseconjecturuediditviolnriapigpppquezet.
934 2339 1411 2408 10Exeludetaestusoodu.ap.13amb.
1468 2363 1469 2368 ¹

710 2423 723 2454 e
813 2439 820 2453 .
872 2439 879 2453 .

235 2577 251 2622 t
269 2574 366 2622 Evincet
371 2595 380 2628 ,·
393 2575 473 2634 plures
489 2583 556 2622 mam
562 2575 653 2637 putam
662 2589 734 2636 ptum
744 2575 781 2621 ul·
812 2577 916 2620 tonsores
926 2572 1020 2630 fuerant
1028 2573 1088 2621 unde
1097 2573 1200 2622 intorem
1206 2581 1230 2623 et
1236 2576 1358 2642 barbam
1364 2593 1409 2642 pro

203 2641 244 2688 mi.
265 2641 334 2694 Tum,
343 2653 424 2701 nempe
434 2639 522 2700 quando
530 2640 598 2688 luxus
608 2641 632 2688 in
640 2640 687 2687 dies
694 2639 782 2687 crescit
813 2644 912 2685 vetusto.
1298 2636 1304 2646 '

236 2709 252 2752 6
270 2705 363 2766 Myrtus
373 2703 464 2765 pluralis
476 2705 571 2752 numeri.
848 2704 877 2750 12
894 2703 1025 2764 Ausymu's:
1042 2703 1132 2764 legium
1164 2703 1292 2767 Auspicato
1314 2706 1408 2756 fiebant

237 2769 314 2816 Omne
324 2784 397 2832 genus
408 2768 476 2816 flores
487 2769 543 2816 diunt
553 2771 640 2830 omnam
649 2769 751 2816 neuun.
803 2767 883 2829 ‘leges

237 2837 253 2878 7
273 2835 366 2888 olivetis,
374 2833 398 2879 in
406 2834 501 2889 olivetis,
511 2834 547 2881 ubi
555 2843 608 2882 ante
618 2841 682 2882 erant
692 2833 781 2888 oliveta,
847 2831 903 2878 Non
918 2831 948 2878 ita
967 2834 1122 2895 prescriptum
1138 2840 1173 2880 est
1187 2836 1293 2897 auspiciis
1305 2837 1405 2886 Romu·

205 2915 266 2947 nunc
274 2914 329 2946 vero
341 2906 394 2945 sunt
401 2899 499 2954 violaria,
511 2907 615 2961 myrteta.
814 2895 865 2944 liet
876 2895 971 2944 Catonis
982 2905 1005 2944 et
1015 2905 1116 2945 veterum
1128 2913 1214 2945 norme.

241 2967 270 3010 10
288 2963 396 3018 Romuli,⁸
409 2972 573 3026 thregncme
583 2967 628 3013 dcco
638 2963 689 3026 agri
695 2962 782 3026 jugera
848 2962 879 3007 14
897 2963 1038 3019 Coruinum
1056 2965 1375 3026 cmnmumkresetpuhlica.

205 3028 339 3077 conserunt.
846 3027 997 3087 Decenpeua,
1008 3028 1274 3089 regulodeoempedum.

242 3095 270 3140 11
288 3092 344 3140 Non
355 3092 398 3141 nisi
413 3094 523 3158 posttot
536 3094 597 3142 urbis
612 3109 683 3142 annos
699 3093 783 3142 Romae
849 3094 879 3138 15
895 3093 1212 3142 Metariuoeoamwcastra.
