2972 5020
197 339 261 402 238
560 335 603 413 Q.
616 333 822 402 HORATII
846 329 1016 402 FLACCI

325 504 460 571 Flumen
474 517 510 572 ut
521 507 700 587 hibernum,
722 507 820 572 fertur
834 530 898 596 quo
911 517 984 573 ra'ra
996 505 1123 577 securis·

325 614 412 679 Tum
427 615 641 682 Praenestinus
656 617 737 682 salso
753 618 914 705 multoque
928 618 1037 683 fluenti

326 724 488 811 Expressa
501 727 629 792 arbusto
651 724 768 813 regerit
781 727 930 806 convicia,
945 726 1044 792 durus

242 845 283 902 30
326 834 555 912 vindemiator,
570 846 604 899 et
616 833 760 914 innotus,
776 838 828 902 cui
844 816 1044 922 saepiaeviator

326 945 491 1023 Cessisset,
501 925 616 1032 magnii
627 943 817 1030 compellans
832 968 908 1010 vooe
922 943 1078 1010 cuculum.

325 1057 374 1122 At
387 1056 531 1132 Graecm,
546 1074 605 1138 pos
640 1075 713 1118 uam
727 1069 776 1119 est
790 1055 871 1120 Italo
885 1054 1031 1140 perfusus
1046 1065 1145 1132 aceto,

97 1177 225 1234 Peraeae.
324 1166 453 1231 Persius
466 1162 630 1241 exclamat,
648 1163 711 1228 Per
721 1184 863 1251 magnos,
880 1165 990 1256 Brute,
1006 1163 1083 1228 deos
1097 1177 1129 1229 te

292 1249 318 1298 u
324 1275 404 1352 Oro,
419 1275 474 1361 qui
487 1295 577 1360 reges
592 1272 752 1338 consueris
766 1272 886 1352 tollere,
902 1295 959 1338 cur
971 1295 1037 1337 nou

240 1395 281 1454 st
296 1355 425 1450 Hunc
441 1385 562 1470 Regem
568 1383 696 1470 jugulas
706 1383 722 1448 'l
735 1405 867 1468 operum
874 1384 946 1462 hoo,
958 1383 1143 1462 mihicrede,
1153 1393 1284 1449 tuorum
1301 1394 1372 1450 est.

195 1579 228 1627 28
244 1583 363 1638 mustoque
381 1575 499 1638 conj-Do.
507 1578 590 1624 Helas.
621 1574 761 1637 multumque
770 1575 820 1622 edu.
830 1582 881 1624 vett.
943 1577 976 1622 80
993 1575 1142 1623 Vindemator
1156 1577 1393 1638 Gott.marg.Med.

226 1641 513 1691 1477.A1d.t⁷ea.aua
575 1643 605 1688 el
625 1639 737 1687 cucullum
747 1641 858 1688 edaoett
914 1641 947 1686 st
963 1639 1077 1688 consuesti
1093 1642 1390 1703 Basteattn'spaaaeis.

224 1811 257 1856 27
281 1806 348 1854 siin
369 1806 447 1854 silvam
472 1805 564 1854 densam
582 1806 653 1854 irruat
670 1813 765 1882 torreris,
830 1806 953 1862 Dunmb.
958 1806 1149 1866 eutparmcaret
1157 1807 1298 1854 cerebrosus.
1323 1807 1390 1856 Vm-

193 1873 302 1935 majorem
323 1871 370 1918 edit
388 1878 493 1933 stragem,
509 1886 576 1931 quam
598 1871 617 1916 si
638 1885 665 1920 ea
683 1873 766 1934 passim
798 1871 906 1917 demutor
916 1877 991 1917 autern
1002 1871 1069 1917 modo
1081 1871 1248 1932 tetrasyllabum
1265 1879 1311 1919 est.

193 1939 260 2050 izi..
281 1936 394 1984 arboribus
419 1950 468 1982 rara
495 1936 590 1998 matium
617 1951 681 1998 aquae
707 1952 767 1998 prae·
798 1936 994 2046 nfchoililcaiiiii
1004 1934 1183 2046 volililupprlrictnm
1202 1937 1384 1994 audaciam,iu·

226 2069 259 2113 29
276 2066 406 2126 Expresso:
434 2063 570 2126 Metaphora
591 2063 689 2112 duotaa
711 2065 765 2112 vino
828 2067 859 2111 81
879 2065 1011 2118 Cataduma
1040 2064 1262 2129 Eqnobmtrosaeda
1280 2075 1381 2125 pratan-

193 2131 254 2242 3uod
263 2130 394 2193 exprimitur
404 2129 501 2184 arbusto,
512 2129 535 2176 h.
545 2143 566 2174 e.
583 2130 630 2176 vite
645 2129 766 2176 arbustive.
797 2129 857 2176 dam
873 2130 926 2176 vitas
938 2143 981 2188 per
991 2129 1138 2175 immanem
1148 2137 1231 2176 ιιιιιιιι
1241 2130 1381 2178 atram

218 2195 257 2242 rdo
264 2202 305 2254 eat,
322 2195 433 2256 Expressa
442 2194 533 2243 arbusto
539 2194 629 2256 fluant
638 2194 693 2242 aaa
703 2195 765 2242 mut
791 2193 898 2253 paam,
909 2208 981 2254 mmm
991 2193 1101 2240 madum
1111 2200 1199 2240 mcum.

191 2267 267 2323 aqam,
827 2259 859 2305 32
875 2259 934 2306 Italo
945 2264 1012 2314 aceto,
1025 2259 1047 2306 b.
1055 2273 1075 2306 e.
1087 2259 1195 2306 nomana
1205 2260 1369 2307 nwrdantau.

698 2458 863 2470 ...n-a—-uu-

591 2640 803 2722 SATIRA
832 2641 959 2724 VIII.

463 2844 503 2893 IN
519 2842 801 2894 SUPERSTITIOSOS
818 2843 864 2892 ET
883 2842 1086 2895 VENEFICAS.

189 3023 302 3088 Priapus'
295 3038 319 3070 rn
328 3021 400 3070 hortis
411 3019 535 3084 Esquilinir
551 3021 638 3084 positus
647 3021 741 3084 fingitur
749 3023 861 3083 conqueri,
876 3021 935 3084 quoti
946 3021 1059 3069 difficilius
1067 3021 1185 3080 veneficas,
1198 3039 1265 3086 qnam
1274 3023 1336 3073 fures
1346 3033 1371 3074 et

220 3105 281 3144 aves,
290 3103 365 3136 aroere
374 3088 453 3149 possit.
484 3087 545 3133 Tum
561 3095 635 3134 narrat
646 3087 738 3134 duarum
747 3087 873 3136 vetularum
882 3095 1011 3162 apparatum
1023 3087 1155 3144 veneticum,
1167 3105 1212 3165 quo
1224 3090 1255 3136 ita
1264 3091 1294 3137 sit
1305 3107 1368 3138 com-

201 3193 203 3196 .
221 3161 304 3230 motus,
312 3159 338 3199 ut
348 3152 438 3199 tandem
448 3165 496 3213 prae
506 3152 614 3198 horrore'
608 3159 724 3213 mgentem
731 3151 830 3198 emiserit
837 3153 922 3198 ventris
931 3151 1046 3212 crepitum,
1054 3153 1118 3215 cujus
1129 3169 1186 3200 sono
1193 3155 1248 3200 istas
1257 3155 1371 3202 veneficas

222 3218 255 3264 sic
263 3215 433 3293 perterrefactas
443 3231 499 3270 esse,
511 3221 536 3261 ut
548 3216 650 3262 omnibus
666 3216 749 3263 relictis
760 3215 830 3262 effuse
840 3224 863 3264 et
875 3217 922 3262 sine
940 3223 1042 3278 respectu
1062 3216 1197 3280 aufugerint.
1229 3219 1304 3267 Tria
1298 3221 1368 3282 igitur

221 3281 363 3344 potissimum
374 3281 421 3342 agit
434 3279 506 3341 po'eta
519 3287 543 3326 ut
555 3279 630 3342 Priapi
641 3281 725 3327 cultum
737 3280 841 3336 derideat,
860 3289 885 3327 ut
896 3279 958 3341 vulgi
970 3279 998 3326 de
1009 3279 1122 3330 veneficiis
1133 3283 1317 3347 superstitionem
1327 3301 1370 3332 no·

222 3353 261 3404 tet,
273 3353 299 3394 ut
306 3343 423 3396 Canidiam
435 3344 591 3407 Sugmamque
601 3343 702 3392 veneficii
714 3344 805 3392 iufamia
814 3345 940 3394 laborantes
951 3346 1094 3408 perstringat.

10 3494 129 3580 Brenn
142 3489 254 3586 bgus'bm
317 3493 413 3559 Omm
427 3504 556 3559 truncus
571 3516 656 3558 eram
670 3493 816 3571 ficulnus,
831 3493 941 3558 inutile
955 3493 1089 3580 lignum3

320 3583 404 3669 Cum
418 3603 540 3683 faber,
531 3616 668 3670 moertus
683 3625 845 3668 scamnum
853 3604 1024 3670 faceretne
1039 3605 1201 3691 Priapum,

316 3711 434 3777 Maluit
447 3735 515 3777 esse
529 3713 633 3778 deum.
675 3714 753 3778 deus
767 3696 843 3778 inde
856 3736 926 3801 ego,
941 3713 1047 3779 furum
1061 3714 1227 3802 aviumque

315 3821 460 3886 Maxima
473 3822 627 3900 formid03
649 3823 817 3888 namfures
826 3824 939 3888 dextra
953 3835 1087 3901 coercet,

251 3939 271 3998 5
315 3931 539 4020 Obscoenoque
549 3933 645 3998 ruber
657 3945 821 4019 porrectus
836 3933 876 3998 ab
890 3933 1018 4020 inguine
1032 3931 1143 4018 palus3

316 4043 378 4108 Ast
391 4042 586 4128 importunas
600 4043 741 4108 volucres
755 4043 789 4109 in
803 4043 918 4107 vertice
933 4041 1055 4107 arundo

386 4277 457 4329 SAT.
473 4278 549 4328 vm
823 4245 839 4290 4
858 4244 918 4298 Qum
923 4243 1016 4308 fiunem
1026 4251 1106 4292 tatem
1108 4245 1239 4309 figuramr

801 4313 838 4356 6
854 4311 1019 4372 Importunas
1037 4310 1060 4360 b.
1070 4325 1090 4358 e.
1101 4310 1217 4367 molestas,
1231 4307 1290 4360 vel
1283 4323 1371 4373 impro-

215 4373 232 4418 2
249 4369 309 4418 Illud
319 4385 348 4418 ne
358 4369 474 4418 adhaerens
484 4372 554 4418 verba
560 4371 653 4432 faceret
668 4371 757 4431 indicat,
790 4373 837 4422 ιιι.

183 4437 277 4488 verbum
288 4451 338 4488 ene
348 4435 515 4501 geminandum,
528 4444 554 4486 ut
564 4452 615 4499 que.
