2972 5020
189 341 255 406 770
549 345 590 425 Q.
615 333 822 416 HORATII
848 341 1020 418 FLACCI

254 495 257 502 ’
301 481 429 595 aSaevit,
444 497 530 604 qubd
544 523 708 587 meretrice
722 544 820 608 nepos
836 525 962 589 insanus
978 505 1077 591 amici

237 631 278 689 50
297 595 431 705 amus,
447 649 580 692 uxorem
594 631 708 716 grandi
722 654 793 696 curn
808 633 882 698 dote
896 648 1029 714 recuset,

294 711 309 740 ‘⁹
322 733 438 800 Ebrius
453 750 485 802 et
500 743 663 825 (magnum
679 742 765 827 quod
780 742 929 824 dedecus)
945 745 1084 809 ambulet
1098 757 1170 809 ante

103 850 238 917 ultime.
292 818 307 850 Δ
321 845 457 911 Noctem
471 871 544 913 cum
558 841 699 915 facibus*
731 857 755 928 tl
770 853 935 939 Numquid
951 853 1146 940 Pomponius
1160 854 1230 918 istis

323 957 460 1022 Audiret
472 958 599 1038 leviora,
614 974 705 1046 pater
719 962 746 1026 si
760 961 903 1027 viveret?
925 941 1015 1050 Ergb

320 1066 397 1132 Non
411 1039 485 1134 satis
500 1083 548 1134 est
561 1071 648 1156 puris
663 1095 788 1136 versum
803 1073 997 1158 perscribere
1012 1073 1114 1138 verbis
1126 1069 1141 1150 ς’

238 1183 279 1242 55
324 1176 430 1254 Quem
445 1179 472 1243 si
486 1180 647 1260 dissolvam,
663 1182 763 1268 quivis
779 1183 991 1248 stomachetur
1005 1183 1117 1246 eodem

321 1288 397 1365 Quo
410 1303 596 1374 personatus
610 1303 703 1376 pacto
717 1304 816 1376 pater.
862 1293 933 1371 His,
950 1315 1010 1382 ego
1024 1316 1095 1380 quae
1110 1314 1206 1370 nunc,
1215 1344 1228 1357 ..

324 1397 411 1462 Olim
426 1421 497 1485 quae
513 1401 636 1486 scripsit
651 1400 802 1478 Lucilius,
819 1400 932 1486 eripias
947 1405 974 1466 si
1270 1482 1276 1495 Ι

323 1507 485 1594 Tempora
499 1523 584 1574 certa
598 1511 785 1597 modosque,
798 1522 830 1574 et
843 1512 929 1597 quod
943 1515 1030 1597 prius
1046 1514 1157 1578 ordine
1171 1513 1308 1578 verbum
1323 1526 1393 1592 est,

321 1617 482 1683 Posterius
495 1618 600 1698 facias,
616 1637 805 1706 praeponens
820 1621 929 1685 ultima
943 1623 1052 1706 primis
1067 1647 1075 1700 ;

238 1737 280 1794 60
323 1726 410 1806 Non,
424 1745 461 1792 ut
475 1729 501 1792 si
516 1728 628 1807 solvas
646 1739 667 1770 ‘⁸
680 1731 851 1817 Postquam
867 1732 1024 1798 discordia
1038 1747 1119 1800 tetra

323 1839 437 1902 “Belli
450 1829 582 1903 ferratos
596 1853 713 1924 postes
728 1853 898 1928 portasque
912 1843 1041 1930 refregit
1051 1847 1081 1920 ;'’

322 1947 467 2012 Invenias
482 1948 576 2012 etiam
590 1943 710 2036 disjecti
725 1952 866 2017 membra
882 1952 999 2018 Po‘etae.

323 2057 489 2122 Hactenus
503 2059 591 2124 haec:
615 2041 700 2139 alitia,
711 2063 833 2146 justum
848 2064 887 2128 sit
901 2050 1000 2128 necnb
1017 2065 1153 2130 Poema:

323 2167 419 2233 Nunc
433 2169 511 2233 illud
525 2151 647 2234 tantbm
662 2192 822 2257 quaeram3
845 2150 998 2238 meritbne
1013 2175 1069 2239 tibi
1084 2176 1125 2240 sit

237 2287 279 2344 66
323 2279 511 2364 Suspectum
525 2302 625 2368 genus
639 2280 700 2343 hoc
715 2273 881 2345 scribendi.
927 2283 1049 2349 Sulcius
1064 2307 1137 2350 acer

325 2389 479 2454 Ambulat
492 2402 524 2454 et
540 2390 684 2474 Caprius,
701 2391 787 2454 rauci
801 2373 892 2469 mals,
902 2413 1043 2480 ‘cumque
1056 2396 1187 2474 libellis3

323 2497 464 2586 Magnus
478 2511 610 2587 uterque
624 2500 718 2565 timor
732 2500 925 2565 latronibus:
947 2516 980 2566 at
994 2487 1074 2568 bene
1089 2507 1115 2569 si
1129 2507 1199 2592 quis

323 2609 367 2674 Et
381 2610 464 2675 vivat
477 2611 564 2695 puris
579 2611 734 2688 manibus,
751 2622 931 2675 contemnat
944 2625 1121 2700 utrumque.

325 2717 373 2784 Ut
386 2719 428 2782 sis
443 2732 477 2783 tu
492 2720 600 2784 similis
617 2719 699 2784 Coeli
715 2721 871 2808 Birrique,
887 2721 1055 2801 latronum,

240 2835 282 2898 70
325 2828 401 2893 Non
415 2852 475 2916 ego
490 2830 550 2893 sim
567 2829 674 2915 Capri,
689 2852 792 2917 neque
809 2831 913 2909 Sulci3
936 2855 993 2896 cur
1006 2845 1127 2897 metuas
1142 2834 1219 2898 me?

325 2937 423 3003 Nulla
435 2939 567 3004 taberna
580 2962 667 3004 meos
678 2938 793 3004 habeat
806 2963 908 3027 neque
922 2940 987 3026 pila
1000 2942 1132 3021 libellos,

198 3143 230 3191 49
246 3131 329 3190 insanit
345 3142 478 3200 Van-,Gluu
490 3139 557 3192 crab.
659 3149 690 3192 50
708 3146 926 3193 recusat-ambulat
938 3147 1007 3194 crab.
1102 3148 1135 3192 54
1151 3149 1300 3196 transcribere
1317 3152 1391 3198 crab.

229 3211 261 3255 65
273 3207 366 3256 Fulcius
376 3209 411 3254 lu'c
421 3216 443 3254 et
452 3211 484 3254 70
495 3211 522 3255 Ζ.
531 3209 567 3255 M.
581 3210 651 3257 1477.
667 3212 721 3258 Veu.
733 3213 803 3258 1479.
868 3214 899 3259 66
911 3226 992 3258 raucus
1002 3211 1061 3258 male
1075 3211 1139 3259 Gur.
1202 3216 1234 3259 68
1246 3214 1310 3274 puris
1321 3216 1388 3262 vivat

229 3273 315 3322 Lanu
377 3277 410 3321 69
427 3271 511 3334 Byrrhi
525 3273 554 3320 G.
564 3274 628 3321 Med.
641 3277 711 3323 1477.
727 3277 782 3324 Veu.
795 3277 865 3324 1479.
946 3273 952 3286 ⁸

230 3439 261 3484 51
279 3435 458 3493 Amerinum,-
475 3439 512 3484 ubi
524 3454 570 3486 non
581 3455 638 3502 opus
655 3448 709 3487 erat.
839 3443 870 3488 65
888 3443 1023 3501 Suspectum
1039 3442 1119 3489 dicitur
1138 3442 1198 3489 unde
1214 3443 1309 3492 timetur
1325 3446 1387 3508 peri-

230 3504 262 3550 52
279 3503 361 3550 Etiam
371 3504 419 3549 sine
431 3503 542 3551 Contudiu
552 3505 584 3552 sic
600 3505 749 3566 iucreJmutur
759 3521 774 3551 α
806 3506 890 3552 culum.

197 3568 428 3630 postulatusne.
840 3570 932 3618 Sulcius
950 3585 1002 3618 acer
1009 3593 1017 3625 ‚·
1047 3573 1083 3618 Hs
1104 3573 1209 3619 commi
1234 3574 1344 3622 &haeres
1364 3583 1387 3622 et

232 3634 265 3679 54
281 3633 348 3680 Pura
359 3633 427 3679 verba
438 3648 481 3680 usu
491 3633 580 3694 quidem
590 3636 683 3698 probata
693 3641 753 3680 sunt.
807 3635 914 3682 causidici
920 3635 996 3698 fuisse
1006 3638 1138 3692 traduntur,
1149 3645 1171 3684 et
1183 3639 1230 3683 ideo
1246 3639 1315 3686 rauci
1325 3641 1387 3700 quod

231 3700 263 3744 55
280 3698 441 3754 Stmmcbetur,
458 3695 596 3760 χολόσαιτο,
616 3716 656 3748 seu
673 3715 775 3747 commo·
806 3701 981 3747 incommutata
991 3699 1134 3761 judiciorum
1145 3703 1262 3748 clumam:
1286 3705 1350 3750 Cum
1359 3705 1387 3750 li·

201 3769 281 3810 veatur
290 3761 341 3809 bile.
421 3765 425 3774 “
806 3765 865 3810 bcHt's
875 3772 961 3822 autem,
969 3765 1049 3826 quibus
1057 3774 1170 3813 uuuotaut
1180 3782 1233 3828 quar
1239 3766 1354 3830 ἄφνω.

230 3830 263 3874 56
280 3825 433 3874 Percontatum
438 3835 531 3888 patrem
547 3830 600 3876 reu
609 3844 684 3878 uuam
695 3831 722 3876 de
734 3831 775 3877 Co-
839 3832 871 3875 66
889 3831 981 3876 Raucos
998 3831 1057 3876 mule
1067 3831 1169 3895 intelligo
1184 3846 1264 3879 raucos
1276 3833 1387 3894 usquead

198 3892 289 3939 media.
321 3890 418 3938 Veteres
431 3889 536 3940 Comoedi
548 3893 661 3950 Personis,
678 3896 722 3941 hoc
733 3902 774 3950 est,
807 3893 933 3940 molestiam
950 3894 1095 3942 audientium.

199 3956 257 4004 fictis
270 3955 368 4003 vultibus
386 3957 438 4020 (seu
447 3958 523 4020 potius
542 3957 660 4022 capitibus)
680 3960 776 4022 agebant
840 3961 871 4004 69
892 3959 950 4005 Nou
960 3974 998 4019 ego
1006 3961 1049 4006 am
1060 3967 1101 4014 est,
1113 3974 1159 4006 nou
1166 3960 1218 4006 volo
1226 3976 1292 4019 esse3
1309 3963 1386 4010 Nullo

201 4021 306 4070 Fabulae.
807 4023 900 4069 tubema
911 4024 995 4080 lrabeat,
1007 4025 1091 4072 nullam
1104 4025 1184 4072 habere
1195 4026 1256 4072 volo.

231 4091 263 4134 58
281 4085 360 4134 Metra
375 4093 443 4150 atque
454 4085 593 4150 Rhythmos.
839 4090 870 4134 71
890 4089 965 4134 Nulla
977 4090 1069 4136 tarem
1077 4113 1085 4144 ‚·
1109 4089 1184 4150 Negat
1200 4105 1223 4136 se
1238 4089 1319 4138 ruebas
1335 4107 1386 4140 suos

232 4155 263 4199 60
282 4153 408 4215 Postquam
425 4153 534 4200 άιὶεσονιίὺι
543 4176 553 4210 ,·
571 4152 631 4201 Haec
642 4153 777 4215 Euutiuer-
807 4153 871 4198 edere
889 4154 1021 4213 Bibliopolas,
1043 4155 1085 4216 qui
1104 4156 1208 4202 aarum
1229 4153 1263 4202 vel
1283 4157 1387 4202 onnoria

199 4217 227 4264 bc
237 4224 300 4264 auru.
808 4217 867 4264 circu
880 4218 940 4278 pilas
956 4219 990 4265 uel
1003 4220 1119 4268 columnas
1134 4219 1243 4268 mutam
1251 4243 1261 4276 ς
1283 4221 1329 4268 hoc
1345 4229 1386 4276 est,

231 4284 263 4328 62
279 4281 375 4344 Disiecti
393 4284 494 4334 merubru
513 4285 604 4344 Ροὲιως
621 4283 730 4348 cogitavit
748 4283 776 4332 de
807 4281 866 4343 apud
874 4283 1086 4345 publicasporticus.
1104 4283 1275 4332 Advertendum
1283 4285 1389 4332 ustiones

201 4345 311 4410 Absyrto.
787 4359 792 4388 t
810 4345 1060 4470 gppt'ssibliopolarum
1081 4351 1190 4398 tabernas.
1223 4349 1287 4398 Hinc
1316 4350 1389 4414 nugi.
