2972 5020
369 291 371 294 ’
424 315 700 391 suanorum
723 319 799 386 aa.
822 319 851 387 1.
874 329 904 385 r.

198 496 275 563 Illuc
290 511 544 584 praevertamur3
564 507 735 562 amatorem
752 493 838 582 quod
853 493 962 558 amicae

199 607 321 693 Turpia
335 609 501 695 decipiunt
515 629 635 672 caecum
649 607 733 685 vitia,
750 617 804 671 aut
818 605 911 670 etlam
926 602 995 686 ipsa
1008 599 1078 664 haeo

28 667 30 780 l
130 725 165 781 tt)
202 717 392 812 Delectant3
415 717 511 782 veluti
527 715 697 783 Balbinum
711 716 847 802 polypus
863 713 1002 800 Hagnae.

202 789 347 892 Vellem
337 851 372 892 ιιι
387 812 523 894 amicitia
537 829 582 893 sic
595 849 783 904 erraremus,
799 837 831 889 et
844 824 895 889 isti

205 937 313 1001 Errori
326 961 445 1026 noman
460 939 558 1004 virtus
573 937 729 1024 posuisset
742 935 921 1000 honestum.

207 1049 259 1126 At,
274 1063 367 1134 pater
381 1062 416 1113 ut
429 1049 527 1136 gnati,
544 1049 588 1112 sic
602 1069 661 1111 nos
676 1047 836 1124 debemus,
853 1042 945 1109 amici

206 1159 339 1246 siquod
352 1158 528 1237 sitvitium,
543 1181 608 1222 non
622 1155 779 1222 fastidire:
803 1156 984 1221 strabonem

133 1274 168 1331 45
206 1269 354 1354 Appellat
370 1270 493 1335 Paetum
508 1280 615 1354 pater;
638 1278 670 1331 et
685 1265 823 1344 Pullum,
839 1264 920 1330 male
934 1285 1049 1350 parvus

207 1379 239 1442 Si
252 1379 303 1443 cui
317 1377 402 1443 filius
417 1393 474 1458 est,
491 1391 526 1442 ut
540 1377 699 1442 abortivus
713 1374 773 1440 suit
785 1374 863 1440 olim

207 1487 377 1574 Sisyphus:
400 1488 486 1552 hunc
501 1489 633 1566 Varum,
649 1487 788 1551 distortis
804 1485 967 1563 cruribus3
990 1483 1078 1549 illum

208 1597 348 1662 Balbutit
364 1599 529 1677 Scaurum,
544 1597 648 1684 pravis
663 1595 776 1660 fultum
790 1579 871 1659 male
887 1593 966 1658 talis.

207 1691 335 1771 Parcius
350 1707 404 1772 hic
417 1706 516 1773 vivit?
536 1707 620 1830 frugi
634 1707 767 1771 dicatur.
811 1703 942 1790 Ineptus

138 1823 172 1880 50
210 1817 272 1881 Et
259 1819 430 1904 jactantior
443 1817 495 1884 hic
509 1800 606 1904 paulo
619 1815 691 1884 est?
712 1815 884 1880 concinnus
899 1812 1006 1878 amicis

208 1927 349 1992 Postulat
363 1942 398 1993 ut
414 1929 564 1994 videatur.
609 1929 655 1993 At
669 1939 716 1992 est
729 1925 945 2002 truculentior,
962 1937 1057 2011 atque

208 2037 282 2102 Plus
297 2062 391 2125 aequo
401 2025 510 2104 liber?
527 2039 665 2124 'simplex
678 2037 829 2124 fortisque
843 2035 1007 2100 habeatur.

208 2147 335 2212 Caldior
350 2149 423 2214 est?
443 2173 530 2214 acres
546 2151 627 2213 inter
641 2159 833 2212 numeretur.
866 2145 1001 2230 Opinor,

208 2257 292 2323 Haec
306 2281 356 2324 res
371 2273 404 2325 et
412 2261 528 2348 jungit,
539 2262 666 2347 junctos
681 2271 713 2323 et
726 2269 830 2322 servat
843 2256 970 2320 amicos

135 2374 169 2432 55
207 2369 250 2432 At
263 2391 322 2442 nos
336 2371 466 2435 virtutes
481 2371 564 2456 ipsas
578 2368 771 2446 invertimus,
787 2379 881 2456 atque

210 2479 372 2544 Sincerum
388 2482 531 2565 cupimus
545 2503 599 2545 vas
613 2480 796 2544 incrustare.
840 2473 965 2542 Pr'obus
979 2474 1049 2562 quis

208 2588 381 2654 Nobiscum
398 2590 499 2657 vivit?
519 2590 655 2654 multum
669 2601 717 2656 est
731 2587 885 2654 demissus
899 2587 1016 2652 homo:
1039 2585 1085 2649 illi

100 2809 125 2858 il
138 2810 170 2859 ric
179 2813 243 2861 MSS.
254 2814 348 2876 quidam
358 2821 380 2860 et
390 2815 441 2862 edd.
514 2815 547 2860 ll
562 2813 610 2860 vitii
621 2827 647 2859 ra
656 2813 714 2876 corrj.
726 2815 786 2861 Oua.
860 2813 893 2869 bi
903 2813 1096 2875 jungat-servet
1105 2826 1118 2858 e
1127 2809 1186 2873 carri.
1203 2813 1263 2860 Oua.

123 2879 150 2923 tr
164 2884 196 2924 est
212 2880 271 2926 otest
289 2880 317 2924 ab
328 2880 378 2926 edd.
401 2880 477 2926 Verret.
491 2879 554 2926 aar.
565 2886 585 2924 et
604 2879 708 2934 Bentleii,
720 2880 761 2940 qui
774 2879 849 2925 locum
860 2878 952 2924 orrrrrr'no
963 2879 995 2924 aie
1011 2878 1127 2938 &tinguit
1137 2885 1159 2923 et
1169 2885 1260 2924 mutat:

123 2944 208 2989 multum
219 2944 328 2990 demissus
340 2945 409 2991 bomo
426 2944 477 2990 ille:
504 2943 581 2990 Tardo
599 2958 625 2990 ac
646 2959 773 3005 cognomen
792 2943 870 3004 pingui
888 2942 975 2990 damus.
1007 2943 1071 3002 Ergo
1081 2942 1175 3004 probum
1191 2950 1213 2988 et
1223 2942 1262 2989 de·

122 3008 205 3054 missum
216 3015 328 3069 tauquam
338 3010 430 3054 uirtutes
442 3009 615 3069 propinquaret
631 3016 737 3068 cognatae
753 3009 856 3054 uotautr'o
871 3007 939 3070 rp‘err
956 3007 1073 3053 Berrtler'us
1089 3008 1121 3053 aa
1134 3009 1263 3054 manuam

117 3073 182 3130 prior,
192 3073 273 3135 quidus
282 3074 308 3120 iu
318 3073 417 3120 ramiro
425 3073 540 3134 posteriori
549 3073 697 3132 reprourlearrt
705 3072 842 3134 cognomina
852 3070 909 3118 tardi
919 3077 942 3118 et
952 3071 1051 3134 pinguia.
1067 3073 1095 3120 Ζ.

120 3259 147 3304 38
162 3259 336 3310 Proeuertrrmur'
342 3267 383 3318 eat
394 3261 470 3324 potius
480 3277 523 3309 nos
537 3267 655 3308 converta—
699 3263 756 3372 opo
757 3261 917 3371 beorretanae
942 3261 1024 3308 ιωοίε.
1057 3258 1112 3308 Hoc
1133 3266 1174 3316 est,
1196 3267 1263 3324 aptus

95 3334 142 3368 rous.
687 3340 698 3372 s
729 3325 757 3372 ali
773 3341 807 3372 us.

120 3389 146 3433 to
162 3389 269 3468 Pupput.
290 3389 579 3439 Foedumnariumvitium.
597 3389 656 3437 Pro-
719 3393 749 3437 51
772 3390 947 3445 Truculentr'or5
964 3390 988 3436 h.
1002 3405 1022 3436 e.
1040 3389 1129 3451 loquela
1146 3389 1262 3453 agrestior,

95 3448 170 3499 ducitur
178 3455 250 3515 prima
262 3455 346 3516 syllaba
358 3457 386 3502 ob
400 3455 528 3516 Liquidam.
687 3464 711 3503 et
721 3455 847 3502 immanior.

120 3519 147 3563 45
163 3521 242 3566 Poetus
252 3521 336 3568 dicitur
346 3537 385 3582 qur
381 3521 497 3567 'trunulr's
512 3528 543 3567 est
556 3519 625 3568 oculis
635 3527 657 3566 et
721 3522 752 3566 52
770 3519 802 3566 Pl
801 3535 829 3566 ω
842 3534 906 3594 raquo
917 3519 970 3566 liber
980 3526 1018 3574 est,
1030 3535 1070 3580 qur
1066 3520 1141 3581 'quod
1151 3520 1216 3566 reutit
1226 3527 1262 3567 ηι-

94 3577 291 3632 marcelinum.
324 3584 378 3646 Ipsa
389 3585 592 3648 Venuspaetaast.
688 3585 878 3644 caeuouposu't

119 3648 182 3703 Male,
198 3649 221 3696 b.
233 3665 253 3696 e.
263 3651 398 3696 dedecorose.
721 3649 823 3710 timpbaa
830 3664 879 3696 aaa
889 3648 1046 3709 bilinguium
1056 3648 1168 3712 quiquod
1175 3648 1263 3702 seruiat,

119 3712 147 3758 46
162 3714 295 3769 Abortwua,·
308 3715 383 3762 rurus
391 3713 658 3774 Amendaepoallsan'tr‘
688 3715 755 3762 dicat.

96 3775 209 3836 ίηφοηαι.
242 3750 333 3824 Pedalis
340 3785 388 3824 erat
396 3793 448 3824 cum
456 3785 570 3835 natusest,
578 3785 656 3842 postea
721 3781 820 3834 Fortem,
832 3794 968 3842 generosum
980 3777 1033 3825 dicit
1043 3784 1066 3825 et
1076 3779 1204 3826 honestum.

94 3838 141 3886 iuter
150 3842 270 3904 bipedalem
283 3851 391 3890 staturam
403 3844 492 3890 mansit
720 3847 752 3891 53
771 3845 866 3899 caldior,
877 3846 900 3892 b.
911 3860 931 3892 e.
941 3843 1076 3891 commotior
1085 3844 1187 3890 adirem.

119 3907 145 3950 47
166 3909 253 3954 Varum
265 3914 288 3954 et
298 3909 415 3956 Scaurum
421 3908 481 3962 dicit,
491 3908 582 3955 nomina
593 3907 657 3954 nobi·
720 3909 793 3956 Acres
803 3909 856 3956 dicit
866 3910 986 3956 animosos.

94 3967 137 4014 irum
144 3969 283 4020 familiarum
307 3973 380 4020 Varus
391 3973 540 4035 appellabatur
546 3987 583 4020 cur
592 3988 657 4019 cmra
721 3976 752 4019 55
769 3975 924 4029 quertr'mrrr5
942 3975 1038 4020 duerues
1055 3987 1107 4048 quor
1124 3973 1182 4018 barra
1194 3971 1264 4018 mara.

94 4034 191 4081 modice'
185 4049 309 4085 introrsum
329 4038 413 4085 inflexa
429 4045 488 4093 aaut,
506 4053 552 4084 uon
563 4052 657 4100 prorsus
721 4040 753 4084 56
770 4039 889 4084 &acaum
907 4039 1028 4098 cupimus,-
1050 4038 1156 4084 virtutem
1162 4036 1271 4095 polluere-

95 4097 184 4147 distorta:
208 4102 240 4150 sic
260 4109 284 4150 et
304 4105 406 4150 Scaurus
422 4103 457 4149 cui
474 4104 592 4150 exstabant
610 4101 656 4158 tall,
688 4102 755 4158 odiar
771 4101 938 4178 ’Aaanyrpruls
955 4104 995 4150 boc
1012 4103 1102 4148 dictur.
1134 4101 1264 4148 Iaourtari

95 4175 155 4223 reque
164 4176 238 4214 tamea
249 4175 316 4216 erant
326 4163 447 4214 admodum
458 4169 531 4228 pravi.
688 4174 767 4214 autera
783 4183 822 4214 uas
841 4169 924 4214 dicitur
942 4183 997 4214 cum
1015 4167 1090 4226 aliquo
1106 4166 1178 4212 οἱηοιο
1197 4179 1262 4212 rucco

120 4230 145 4274 ts
160 4233 277 4280 Balbutire
290 4240 327 4280 est
344 4230 520 4308 ὑποκορίζεσθαι,
529 4247 611 4297 pueros
621 4233 656 4280 lo·
686 4232 783 4280 illinitur
793 4233 1015 4296 atqruirrqur'uatur.
1040 4232 1162 4278 &aceram
1174 4229 1264 4294 proprie

96 4294 214 4350 qaendorel
224 4297 353 4362 fingendo'
347 4295 438 4345 imitari
686 4297 805 4345 η’ωιιηα.
1169 4343 1170 4346 ,

119 4359 145 4406 4⁹
158 4362 268 4429 Ineptum
285 4361 365 4412 dicit
358 4374 519 4424 importunum,
532 4362 656 4426 garrulum,
719 4364 752 4409 Μ
774 4363 838 4416 Viva.
849 4363 873 4410 h
882 4379 902 4411 e.
913 4361 967 4425 agit,
979 4367 1088 4408 versatur.

96 4422 215 4479 arum.
442 4482 444 4487 ¹
720 4427 847 4484 Demisere,
855 4428 878 4474 h.
889 4443 909 4475 e.
919 4425 1016 4474 inaudax
1026 4433 1049 4474 et
1059 4425 1132 4486 abjeci
1131 4441 1167 4472 nr
