3048 5022
225 329 289 387 282
583 321 626 399 Q.
650 319 858 388 HORATII
882 323 1053 392 FLACCI

68 493 207 562 Cabur.
261 502 329 604 5511
320 449 535 559 ‘'Surrentina
549 492 635 558 vafer
649 496 703 582 qui
718 496 828 562 miscet
840 495 918 562 faece
934 473 1072 563 Falerna

312 555 441 720 ZVina,
457 603 639 668 columbino
653 605 763 669 limum
779 585 863 671 bene
874 606 994 694 colligit
1007 629 1088 684 ov03

312 678 538 836 T'Quatenus
529 736 592 778 1ma
606 714 686 799 petit
700 716 827 780 volvens
842 717 944 781 alienu
958 716 1092 782 vitellus

317 794 453 888 Tostis
467 835 660 889 marcentem
675 826 796 912 squillis
810 826 966 891 recreabis
981 837 1013 891 et
1028 803 1108 890 Afra

317 912 496 1000 “Ροῑοτοηι
512 917 660 1011 cochlea3
683 957 756 998 narn
772 935 917 1000 lactuca
908 948 1029 1002 innatat
1042 937 1108 1002 acri

257 1055 299 1110 60
314 1017 464 1109 “'Post
437 1066 543 1108 vinum
555 1043 734 1109 stomacho
758 1067 857 1130 perna
871 1019 970 1132 magis
985 1066 1022 1110 ac
1036 1045 1241 1140 magis&
1115 1019 1237 1110 hillis

315 1127 505 1241 ‘'Flagitat
496 1175 529 1216 m
544 1175 667 1218 morsus
682 1154 790 1232 refici3
813 1155 890 1240 quin
904 1154 1011 1219 omnia
1026 1154 1113 1218 malit
1198 1221 1201 1230 Α

309 1243 328 1288 ‘
311 1263 554 1378 “Quacunque
570 1262 740 1328 immundis
755 1263 876 1329 fervent
890 1263 975 1328 illata
989 1265 1125 1350 popinis.

311 1341 404 1437 l‘Est
418 1395 525 1458 operae
539 1396 578 1459 pt
579 1375 675 1437 etrum
691 1375 825 1460 duplicis
840 1397 1028 1460 pernoscere
1038 1375 1119 1460 juris

344 1482 517 1546 Naturam.
540 1483 675 1568 simplex
690 1508 707 1549 e
722 1485 805 1549 dulci
822 1497 945 1549 constat
958 1485 1053 1562 olivo,

257 1601 298 1658 65
312 1567 487 1711 Z’Quod
455 1592 566 1679 pmgui
581 1592 712 1657 miscere
727 1616 815 1658 mero
831 1577 994 1680 murithue
1008 1593 1142 1672 decebit,

311 1671 416 1819 JNon
432 1682 493 1766 alia
507 1725 601 1788 quam
617 1726 679 1789 qua
661 1687 849 1790 Byzantia
863 1705 1067 1795 putuit*-
981 1726 1065 1769 orca.

311 1779 418 1936 i‘Hoc
433 1813 487 1877 ubi
503 1812 669 1878 confusum
685 1815 776 1878 sectis
792 1811 940 1878 inferbuit
955 1813 1071 1892 herbis,

308 1899 540 2046 :Corycioque
555 1946 649 1989 croco
663 1946 808 2010 sparsum
824 1924 926 2000 stetit3
948 1923 1079 2008 insuper
1094 1922 1191 1988 addes

308 1999 455 2098 Pressa
470 2033 659 2100 Venafranae
673 2034 759 2122 quod
774 2034 871 2098 bacca
888 2033 1004 2098 remisit
1019 2033 1120 2097 olivae

254 2150 296 2210 70
309 2125 465 2208 “Picenis
480 2145 597 2211 cedunt
610 2147 713 2232 pomis
730 2143 877 2208 Tiburtia
891 2145 1007 2220 succo;

307 2232 424 2381 ZNam
439 2253 516 2320 facie
530 2270 691 2340 praestant.
736 2253 902 2318 Venucula
916 2252 1062 2316 convenit
1076 2252 1185 2336 ollis;

304 2337 473 2486 fReotius
490 2366 648 2432 Albanam
663 2368 751 2429 lumo
765 2363 927 2427 duraveris
943 2385 1056 2428 uvam:

304 2446 435 2540 “Hanc
450 2499 511 2562 ego
524 2497 597 2540 cum
612 2475 714 2552 malis,
730 2496 791 2560 ego
805 2472 914 2537 faecem
929 2473 1051 2558 primus
1066 2489 1097 2538 et
1112 2473 1212 2553 halec,

1098 2566 1222 2580 μαι·-

308 1443 328 1488 lt

206 2657 239 2701 57
255 2653 359 2715 quatinus
371 2654 454 2700 Lumb.
567 2656 596 2702 61
615 2654 736 2700 immersus
751 2653 803 2701 G.u
815 2653 1006 2707 manamaur,
1018 2653 1072 2700 Zur.
1181 2657 1212 2702 62
1228 2653 1321 2702 fervunt
1339 2657 1400 2704 clun.

239 2722 271 2765 66
289 2718 323 2765 At
334 2718 412 2780 pingui
423 2719 500 2765 Bentl.
517 2717 558 2779 qui
573 2718 667 2780 conjecit
680 2720 749 2766 etum
763 2733 789 2764 cu
805 2721 829 2765 2.
845 2722 868 2764 8.
885 2718 924 2764 tn.
957 2717 1104 2778 Quinqueuni
1120 2718 1183 2765 misc.
1196 2721 1256 2766 Can.
1272 2720 1332 2782 cmy'.
1364 2723 1400 2767 At

239 2784 331 2830 mistum
343 2784 407 2830 misc.
472 2786 503 2830 66
520 2799 564 2844 qua
575 2783 637 2844 Byz.
653 2785 691 2830 Sic
701 2785 802 2830 Mssa
809 2784 893 2844 Jm'moe
903 2783 964 2829 editt.
997 2783 1035 2830 At.
1051 2799 1110 2845 quae.
1124 2782 1211 2846 putruit
1221 2785 1315 2832 Metal.
1327 2787 1404 2834 1177.-

239 2848 264 2895 r't.
275 2850 307 2897 F.
319 2848 393 2911 potuit
407 2848 436 2896 G.
445 2856 467 2893 et
478 2849 503 2894 in
514 2863 587 2908 murg.
598 2848 678 2910 putuit
689 2847 782 2910 putruit.

238 3016 270 3060 65
294 3011 366 3076 Vqser,
378 3017 442 3058 catus
453 3009 481 3056 ad
491 3009 601 3058 fallendos
611 3009 719 3072 hospites.
848 3014 881 3058 67
898 3011 966 3058 δεθείς
973 3011 1059 3066 habit·
1078 3011 1140 3060 inula
1150 3014 1235 3062 scilicet
1245 3021 1268 3062 et
1278 3029 1355 3062 eruca.

238 3081 270 3124 66
287 3076 548 3140 Limumsoecemcltbit.
848 3078 880 3122 66
899 3078 957 3138 Cory
957 3077 1008 3131 cio·
1026 3047 1148 3132 Ciliciam
1159 3094 1180 3124 e.
1193 3079 1363 3141 pretiosissimo.

238 3146 270 3190 67
288 3142 371 3188 Aliena
377 3163 386 3196 ‚-
403 3140 529 3188 faculenta.
848 3143 880 3188 69
897 3139 986 3188 Notum
1008 3148 1044 3188 est
1065 3141 1221 3190 venafranum
1243 3145 1318 3192 oleum
1335 3160 1402 3207 prae-

244 3207 349 3254 Vultum
360 3221 428 3252 omne
439 3205 499 3267 quod
510 3205 533 3251 ln
545 3221 589 3251 ovo
600 3211 642 3252 est.
815 3205 985 3252 stantissimum.

238 3275 269 3318 66
287 3272 437 3326 Martem,
460 3270 599 3330 languidum
616 3270 667 3317 uino
686 3277 707 3316 et
729 3270 783 3317 bene
846 3273 879 3316 70
896 3272 976 3326 rillaco,
979 3285 1072 3336 sapore.

205 3345 320 3394 autunum.
847 3337 876 3380 71
896 3327 982 3390 Facie,
985 3336 1062 3395 specie.

237 3405 270 3449 69
287 3401 407 3455 Luctuca‚·
425 3400 469 3447 huc
489 3399 586 3462 pertinet
604 3397 717 3446 Martialis
737 3397 782 3445 Di·
852 3399 963 3446 Verwutlu
980 3415 993 3446 a
1014 3401 1044 3445 Ve
1059 3406 1083 3446 et
1098 3401 1186 3448 nucula
1203 3399 1245 3447 dici
1263 3418 1321 3459 reor,
1333 3403 1400 3464 quod'

167 3477 173 3489 “
204 3466 310 3522 stichou3
328 3467 584 3528 euadereqmcoem
599 3463 689 3510 braum
702 3464 781 3510 santae
814 3462 851 3509 vel
869 3464 973 3525 mandes,
986 3464 1022 3511 vel
1039 3464 1114 3526 plures
1134 3467 1213 3512 habeat
1232 3469 1332 3522 nuculns,
1345 3469 1402 3514 sive·

203 3547 306 3586 cuorum,
329 3531 377 3578 Dic
393 3531 448 3577 mut
467 3545 510 3577 cur
525 3535 612 3576 nostrus
633 3529 723 3576 iactant
743 3529 782 3575 uta
815 3527 915 3576 nuciam.

203 3595 297 3657 «laquei
846 3595 877 3640 72
895 3594 973 3642 Fumo
988 3594 1119 3650 duraverim
1137 3595 1180 3640 ista
1199 3601 1222 3642 et
1241 3611 1286 3644 ura
1300 3597 1398 3659 pensilis

235 3665 266 3708 66
285 3661 350 3708 truta
364 3668 396 3706 est
410 3659 585 3706 Diminutivum
598 3673 613 3703 a
629 3657 725 3704 Poritiuo
734 3657 781 3704 Hi·
813 3664 837 3704 et
848 3673 913 3720 pessa
923 3657 1011 3704 dicitur.

201 3743 236 3781 ra,
256 3733 276 3773 ct
296 3727 407 3790 iustificat
425 3725 559 3772 imcutinum
581 3724 673 3776 rubum,
693 3723 728 3768 uel
744 3723 782 3785 (ut
847 3726 878 3770 73
895 3722 998 3769 Narrat
992 3730 1110 3769 rnventum
1127 3739 1200 3779 suum,
1218 3740 1243 3772 se
1259 3741 1357 3786 primurn
1369 3743 1396 3773 nr

201 3793 240 3839 alii
265 3775 356 3866 diqmul
371 3791 468 3855 sartum
489 3789 617 3835 cultillum
641 3787 681 3833 atti
701 3787 782 3834 dicunt
809 3789 877 3847 paria
892 3788 971 3834 cattus
986 3787 1169 3848 circunqunusae
1184 3789 1305 3851 maJ'oribus
1321 3791 1397 3838 lauci-

202 3857 303 3904 lu'llum'
295 3872 320 3902 ut
330 3863 419 3902 tuturo.
813 3853 854 3898 bus
866 3852 971 3899 delicias'
965 3859 1026 3906 istra,
1042 3867 1105 3907 uuus,
1121 3853 1286 3932 uramjaeceqs,
1298 3856 1363 3902 halec
1374 3872 1397 3903 s.

235 3925 264 3970 61
284 3922 316 3968 In
335 3935 430 3974 uwrsua
451 3919 478 3966 etl
500 3917 670 3966 comedendum.
711 3917 781 3964 Potor
812 3918 867 3964 allec
878 3923 920 3964 etc
932 3924 957 3963 ut
967 3917 1064 3978 ebgendr
1080 3924 1215 3979 potestatem
1230 3921 1396 3981 majoremha·

192 3987 314 4052 flaorrimt'
305 4001 331 4032 m
342 4000 430 4032 morsus
441 3985 511 4048 rqfici
812 3983 890 4028 berent
901 3981 1011 4037 convivae,
1023 3983 1083 4044 quod
1102 3997 1175 4046 genus
1197 3985 1335 4031 condimenti
1353 3995 1396 4033 aut

233 4052 329 4112 Μαίας
331 4065 382 4096 uam
393 4051 513 4096 lactucam
811 4063 872 4109 ponn
866 4047 1012 4109 probarent

233 4121 265 4165 62
283 4117 388 4170 Fercem,
401 4122 424 4161 et
441 4130 480 4177 per
500 4115 543 4162 hoc
560 4113 628 4168 olent,
646 4120 669 4158 et
684 4111 740 4158 bene
752 4111 780 4158 de
844 4111 1059 4174 Facemliquamen
1070 4127 1099 4158 ex
1110 4111 1167 4160 faece
1177 4113 1283 4175 generosi
1294 4113 1349 4161 vini.

200 4184 289 4246 popina
843 4178 918 4224 Hukc
936 4177 1048 4252 liquamen
1064 4184 1104 4230 est,
1116 4178 1164 4224 sive
1181 4178 1254 4224 muria
1270 4179 1390 4226 halecum.

232 4251 265 4294 63
281 4247 370 4300 Jums
364 4262 379 4292 ι.
387 4243 536 4306 ejurculi'
517 4241 662 4305 nuejuscelli.
799 4241 888 4305 soecem
903 4243 989 4288 muniz
1008 4242 1062 4289 dicit
1082 4233 1176 4289 Plinius.
1209 4243 1285 4290 Halae
1304 4243 1393 4290 Massi·

232 4317 264 4360 65
283 4313 377 4371 Pingui,
389 4312 411 4356 b.
423 4326 442 4356 e.
454 4319 530 4356 vetere
541 4315 564 4354 et
575 4315 670 4354 maturo
810 4307 891 4353 lienses
924 4307 1035 4354 Hulucciu
1058 4307 1175 4370 appellant,
1199 4318 1266 4369 atque
1285 4308 1393 4356 homines

233 4374 585 4425 Fthunnlsferefiebatmuria.
810 4369 967 4433 nostriffiijw
967 4410 973 4422 .

232 4447 263 4489 66
284 4441 357 4496 ora„-
375 4441 416 4486 otta
433 4441 519 4495 Groeca,
533 4454 569 4485 ore
583 4445 687 4496 angusto.
