2954 5022
554 334 618 410 ·Q.
642 331 848 400 HORATII
873 331 1043 399 FLACCI

343 509 412 573 Aut
424 505 525 594 fugies
541 505 679 585 Uticam,
695 517 749 572 aut
762 506 883 571 vinctus
898 504 1029 571 mitteris
1046 501 1191 567 Ilerdam.

347 618 476 684 Ridebit
490 617 628 682 monitor
641 639 706 681 non
722 616 907 692 exauditus3
930 628 965 679 ut
979 615 1031 679 ille

260 737 299 796 15
344 728 411 803 Qui
425 715 507 792 mald
520 739 683 813 parentem
699 728 731 790 in
745 750 839 812 rupes
853 726 1005 812 protrusit
1019 723 1149 789 asellum

345 838 458 903 Iratus.
502 837 572 924 quis
586 837 671 900 enim
685 835 817 902 invitum
831 858 954 900 servare
969 834 1115 899 laboret?

343 946 420 1013 Hoc
435 968 560 1034 quoque
575 958 606 1010 te
620 957 736 1025 manet,
751 959 788 1010 ut
800 968 916 1031 pueros
930 945 1084 1010 elementa
1098 945 1270 1010 docentem

344 1056 490 1142 Occupet
503 1058 651 1121 extremis
665 1057 699 1120 in
713 1057 788 1121 vicis
802 1055 894 1120 balba
907 1067 1060 1120 senectus.

343 1134 427 1231 Crim
442 1166 498 1231 tibi
513 1166 560 1231 sol
574 1165 698 1252 tepidus
714 1165 819 1250 plures
834 1165 1009 1230 admoverit
1024 1187 1126 1243 aures,

233 1333 236 1338 .
259 1285 301 1367 20
347 1275 405 1341 Me
420 1276 569 1341 libertino
583 1286 690 1341 natum
705 1288 805 1362 patre,
821 1287 853 1340 et
863 1276 896 1340 iu
910 1275 998 1340 tenui
1012 1297 1057 1352 re,

343 1385 484 1472 Majores
498 1407 624 1472 pennas
633 1385 708 1450 nido
723 1385 901 1451 extendisse
914 1363 1070 1472 loquiiris3

250 1525 253 1528 ·
341 1496 397 1575 Ut,
413 1508 566 1584 quantum
579 1497 689 1582 generi
703 1497 822 1574 demas,
837 1495 1002 1560 virtutibus
1017 1495 1135 1560 addas:

339 1605 398 1671 Me
412 1606 522 1692 primis
539 1605 638 1671 Urbis
653 1605 727 1670 belli
738 1605 892 1691 placuisse
907 1605 1065 1692 domique,

340 1717 492 1804 Corporis
507 1717 623 1804 exigui,
640 1738 832 1801 praecanum,
849 1715 966 1780 solibus
981 1728 1100 1801 aptum,

257 1837 299 1893 25
345 1827 443 1892 Irasci
457 1826 601 1904 celerem,
618 1841 722 1891 tamen
737 1838 773 1890 ut
786 1825 948 1912 placabilis
963 1847 1073 1890 essem.

344 1913 442 2002 Forte*
456 1958 561 2002 meum
576 1937 602 2000 si
617 1936 686 2022 quis
702 1949 732 2008 te
746 1936 981 2022 percontabitur
996 1957 1109 2014 aevnm,

341 2046 400 2111 Me
415 2057 525 2133 quater
541 2045 682 2110 undenos
698 2045 776 2110 sciat
789 2046 966 2130 implevisse
981 2044 1187 2123 Decembres,

344 2156 507 2244 Collegam
525 2155 682 2241 Lepidum
697 2178 761 2242 quo
775 2155 868 2220 duxit
883 2155 1004 2220 Lollius
1019 2178 1114 2220 anno.

377 2335 406 2380 18
422 2331 511 2380 rinctus
521 2347 548 2378 ec
559 2331 627 2379 MSS.
638 2332 715 2379 Beati.
731 2338 812 2380 unctus
822 2332 883 2392 vulg.
953 2334 982 2378 15
1000 2331 1094 2380 detrusit
1110 2331 1163 2382 Vere.
1178 2332 1252 2388 Glar„

249 2485 278 2532 1³
294 2484 379 2544 Fugier
395 2483 501 2537 Utiromr
519 2482 543 2529 iu
559 2483 672 2530 barbaram
688 2482 788 2528 exulabis
820 2487 920 2544 tempore
946 2481 1055 2544 intelligo,
1089 2481 1125 2530 ubi
1153 2482 1266 2532 confectis
1304 2477 1403 2542 negotiis

215 2549 366 2597 Provinciam.
411 2547 528 2596 Ubitum
547 2547 680 2610 incipiebant
700 2547 788 2594 fervere
819 2547 885 2595 etiam
898 2561 964 2593 senes
974 2549 1045 2595 atium
1057 2563 1123 2594 suum
1133 2549 1245 2597 audiendo
1258 2547 1386 2596 oblectent.

214 2614 289 2662 studia
299 2614 356 2661 hac.
851 2614 881 2658 21
900 2609 999 2671 Majores
1016 2613 1069 2659 nido
1087 2628 1193 2673 manua:
1237 2611 1333 2659 Iaudar
1357 2609 1403 2655 sor-

252 2680 346 2725 Vs'actus
364 2677 480 2730 Endomr
500 2677 525 2724 in
541 2676 746 2739 Hispaniamque
765 2682 788 2723 et
819 2681 885 2724 lunas
903 2691 962 2731 suas,
981 2677 1019 2738 qui
1038 2677 1096 2726 ultra
1113 2686 1197 2729 sortem
1215 2676 1332 2728 natalium
1351 2689 1403 2736 pro-

220 2745 268 2806 ipsa
279 2751 327 2789 tum
338 2742 417 2803 cupide
428 2741 543 2804 arripiebat
555 2742 629 2789 literas
641 2741 765 2788 Romanas.
819 2755 912 2803 gressus
923 2740 959 2789 sit.

249 2809 279 2854 14
301 2809 332 2854 111
347 2808 398 2860 ille,⁸
417 2813 480 2853 notat
490 2807 585 2868 aliquam
597 2814 695 2852 veterem
708 2803 787 2852 Fabel-
851 2809 881 2853 22
904 2807 936 2852 111
943 2827 952 2860 ,·
969 2805 1001 2852 its
1012 2813 1086 2853 tamen
1099 2815 1131 2854 ut.

115 2889 116 2896 ¹
213 2873 260 2920 lam
271 2872 299 2918 de
311 2871 406 2918 Rustico
416 2871 530 2920 etAsino.
851 2871 937 2925 Arkina
949 2885 1055 2933 apponas.

249 2939 279 2982 15
295 2937 328 2983 In
337 2950 420 2996 mraesr
439 2943 464 2982 ut
475 2936 517 2982 iret
531 2951 576 2997 quo
587 2934 696 2990 tendebat,
714 2940 737 2980 et
748 2949 787 2996 per
850 2937 882 2982 28
899 2935 978 2991 Beti;
1004 2935 1078 2983 Bruto
1096 2943 1120 2984 et
1141 2934 1229 2992 Cassio,
1255 2935 1300 2984 sub
1323 2933 1401 2995 quibus

215 3002 259 3048 boc
270 3001 380 3048 cervicem
391 2999 512 3061 frangeret.
818 2997 933 3046 Tribunus
941 3000 1055 3047 militabat

250 3068 279 3113 lt
297 3064 373 3111 Etiam
384 3065 433 3110 lraec
444 3063 537 3111 felicitas
545 3070 569 3111 et
578 3066 651 3110 honos
662 3063 718 3117 libri,
728 3070 787 3110 trac·
850 3065 923 3111 Derai
928 3079 938 3121 ,·
959 3065 1070 3127 Augusto,
1082 3066 1213 3120 Maecenati,
1224 3071 1250 3112 et
1263 3061 1372 3112 Pollioni.

215 3131 258 3180 turi
268 3129 292 3176 in
304 3129 385 3177 schola
418 3127 517 3190 Respice
532 3130 560 3175 sd
572 3128 646 3190 Epist.
659 3131 680 3176 1.
695 3131 734 3175 19.
747 3130 787 3175 40.
852 3130 884 3175 21
901 3130 1034 3181 hacanos.
1042 3145 1184 3192 primirum
1194 3145 1280 3177 canna

250 3197 279 3241 18
299 3193 411 3253 occupem
430 3193 451 3239 b.
462 3208 482 3240 e.
493 3204 626 3256 occupatum
642 3200 724 3239 teneat.
851 3193 937 3242 Solibus
946 3201 1028 3256 aptum
1036 3215 1045 3250 ‚-
1057 3194 1234 3256 suuamjacm
1244 3195 1289 3243 sal
1300 3193 1351 3240 sole.

246 3258 361 3306 Eamus
381 3259 407 3304 ia
425 3258 483 3308 uicis.
523 3257 552 3304 In
570 3258 679 3318 compitis,
695 3258 732 3304 ubi
747 3271 788 3304 ex·
851 3261 883 3304 28
899 3258 992 3314 Duait5
1009 3259 1096 3307 Lollius
1113 3267 1162 3306 erat
1176 3261 1237 3307 sulus
1256 3258 1349 3311 00111111,
1364 3269 1398 3300 ‘²-

215 3321 399 3370 tremsricorum
417 3330 552 3384 congruunt,
570 3329 593 3370 et
609 3324 679 3386 major
693 3331 728 3370 est
742 3322 787 3370 fre-
818 3331 918 3384 arectato
937 3325 1023 3372 Cesar-e
1043 3327 1147 3386 Collega:
1171 3326 1209 3374 illa
1226 3329 1351 3372 recusante
1373 3319 1398 3368 Q·

215 3387 312 3450 quentia.
821 3387 932 3436 AEmilias
941 3389 1030 3436 11111111
1039 3392 1140 3438 taudem.

249 3454 280 3508 19
297 3452 357 3501 Cam
368 3452 447 3499 1111111
463 3453 556 3514 spirtius.
588 3451 627 3500 De
638 3451 789 3513 pomeridiano
