2964 5022
207 335 267 394 rer
563 319 834 401 urrunnun
861 317 1029 383 unicui
1096 285 1097 288 ‘

248 508 288 564 20
376 499 557 562 Certantem
572 510 604 560 et
619 519 710 560 uvam
725 515 886 580 purpurae,

333 609 408 686 Qua
422 619 606 674 muneretur
621 621 662 684 te,
680 606 805 692 Priape,
822 617 854 668 et
869 616 910 680 te,
927 613 1017 687 pater

376 720 520 806 sylvane,
537 731 621 784 tutor
635 718 744 780 finium
758 714 764 778 l

333 829 428 894 Libet
436 831 541 914 jacere
556 827 652 892 modo
666 827 724 890 sub
739 825 867 910 antiqua
882 823 960 898 ilice,

377 938 480 1002 Modo
494 939 526 1001 in
542 939 641 1002 tenaci
657 936 808 1022 gramine.

250 1058 290 1114 25
335 1049 502 1113 Labuntur
516 1048 585 1112 altis
601 1047 723 1110 interim
740 1043 815 1128 ripis
830 1063 940 1127 aquae3

378 1158 564 1235 Queruntur
578 1157 610 1219 in
626 1156 709 1220 silvis
724 1177 814 1230 aves3

336 1269 514 1354 Fontesque
528 1267 664 1353 lymphis
679 1264 865 1347 obstrepunt
878 1257 1089 1332 manantibus,

379 1379 512 1442 Somnos
528 1375 613 1462 quod
627 1374 736 1438 invitet
750 1373 842 1437 leves.

337 1489 382 1551 At
396 1509 467 1550 cum
482 1486 618 1551 tonantis
632 1507 732 1548 annus
747 1483 901 1545 hibernus
912 1479 998 1544 Jovis

252 1609 292 1662 30
379 1597 500 1661 Imbres
515 1596 663 1682 nivesque
678 1607 849 1677 comparat,

337 1708 404 1772 Aut
417 1707 515 1771 trudit
528 1705 703 1770 acresfhinc
718 1716 749 1768 et
763 1702 836 1765 hinc
851 1701 949 1764 multa
964 1685 1040 1762 caue

283 1905 284 1910 η
381 1818 487 1901 Apros
502 1817 534 1878 in
550 1815 709 1880 obstantes
723 1814 849 1899 plagas3

338 1927 405 1989 Aut
419 1925 513 1989 amite
527 1925 587 1988 levi
602 1947 673 1990 rara
687 1923 787 1988 tendit
801 1923 887 1997 retia,

381 2036 499 2100 Turdis
514 2035 661 2100 edacibus
676 2034 765 2098 dolos
773 2057 782 2109 ;

254 2159 293 2213 35
340 2147 555 2232 Pavidumque
569 2145 718 2231 leporem,
735 2155 766 2208 et
780 2142 932 2206 aduenam
947 2141 1059 2226 laqueo
1073 2161 1197 2226 gruem,

381 2257 527 2321 Jucunda
542 2267 646 2342 captat
659 2254 799 2341 praemia.

338 2367 419 2443 Quis
434 2389 497 2429 non
512 2366 675 2442 malarum,
692 2387 768 2450 quas
784 2384 872 2427 amor
886 2385 976 2426 curas
992 2363 1097 2437 habet,

383 2477 465 2541 Haec
480 2477 560 2539 inter
575 2473 789 2538 obliviscitur?

339 2585 434 2661 Quod
451 2586 476 2649 si
491 2585 606 2670 pudica
620 2585 733 2648 mulier
747 2586 779 2648 in
794 2597 915 2670 partem
926 2583 1014 2668 juvet

253 2705 295 2761 40
383 2695 525 2760 Domum
539 2708 632 2781 atque
647 2695 758 2759 dulces·
769 2695 894 2772 liberm,

343 2810 353 2888 (
358 2806 474 2870 Sabina
488 2805 599 2890 qualis,
615 2818 669 2868 aut
683 2818 810 2888 perusta
825 2804 941 2868 solibus

386 2905 526 2980 Pernicis
549 2936 629 2979 uxor
644 2914 778 2998 appuli>

342 3028 472 3091 Sacrum
487 3039 519 3089 et
532 3023 662 3088 vetustis
677 3035 817 3088 exstruat
831 3023 923 3110 lignis
939 3023 1043 3086 focum

382 3136 472 3199 Lassi
487 3135 545 3198 sub
560 3135 727 3198 adventum
743 3133 819 3195 viri:

253 3257 294 3312 45
341 3245 562 3330 Cluudensque
576 3244 668 3307 textis
684 3243 820 3306 cratibus
834 3243 942 3306 laetum
957 3265 1063 3327 pecus,

382 3355 531 3420 Distenta
545 3354 639 3431 siccet
652 3353 766 3429 ubera3

342 3465 385 3529 Et
398 3465 499 3538 horna
513 3465 598 3529 dulci
612 3465 685 3544 uina
698 3487 845 3548 promens
861 3463 963 3544 (lolio,

381 3576 490 3658 Dapes
506 3575 638 3638 inemtas
652 3585 799 3658 apparet:

209 3775 240 3818 25
258 3770 310 3816 rivis
322 3769 373 3816 Ma.
385 3770 474 3815 Bersm.
538 3771 570 3815 33
587 3767 752 3842 huamiteBrod.
818 3772 849 3816 35
867 3770 1089 3830 pavidumveBentl.
1103 3773 1237 3828 obterantur,
1248 3775 1303 3834 quia
1316 3777 1403 3836 verig-

578 3833 709 3896 mficataut.
772 3835 804 3878 37
816 3834 925 3880 malorum
937 3835 991 3881 ΑΜ.

242 3986 272 4030 21
291 3981 325 4028 Et
335 3993 430 4027 mutiero
441 3987 462 4025 et
473 3994 581 4026 maram
588 3981 613 4026 in
625 3981 706 4027 Actiaci
717 3981 785 4040 signi-
850 3983 878 4026 41
898 3984 990 4029 Sabinos
1006 3983 1107 4030 nominat
1124 3991 1147 4028 et
1164 3984 1272 4042 Amilos,
1284 3991 1397 4046 tanquam
1470 3977 1471 3986 ¹

211 4047 312 4095 acaum
323 4052 381 4092 recte
391 4045 480 4090 ditatur.
818 4046 857 4092 sibi
869 4054 942 4092 notos.

211 4130 213 4134 ·
242 4115 273 4159 26
296 4111 380 4157 Veteres
390 4109 493 4157 omrtium
503 4109 641 4155 animalium
648 4123 715 4164 voces,
723 4124 784 4168 prce·
849 4111 880 4156 ts
896 4113 1006 4166 utemur,-
1027 4127 1068 4158 cnu
1079 4113 1173 4160 deorum
1180 4112 1399 4176 Lariumsormere

210 4185 314 4238 mquam
323 4173 425 4229 Ιιοπιίπίε,
437 4174 551 4234 pendam
561 4174 670 4220 (luebunt.
816 4175 910 4222 habitus.

242 4244 274 4287 ³0
292 4241 429 4300 Comporut:
451 4237 541 4297 Colligit.
849 4241 879 4284 45
898 4231 992 4288 Loetu'rn
1005 4255 1076 4300 remu
1086 4241 1143 4288 bene
1153 4248 1255 4288 curatum
1267 4250 1290 4288 et
1301 4244 1397 4306 pingue.

242 4307 274 4354 32
294 4305 422 4357 obstamus
446 4303 522 4362 Fugae
531 4317 640 4361 aprorum
651 4305 765 4364 omrositus.
849 4305 880 4350 47
899 4305 998 4357 Horum·
1029 4306 1121 4352 noman.
1168 4306 1239 4360 Quasi
1261 4307 1331 4372 ὧςινὰ,
1358 4311 1398 4358 rel

242 4370 274 4416 88
291 4367 486 4430 Amtessorcutae
501 4367 582 4428 quibus
597 4369 659 4423 rena,
676 4370 701 4416 in
716 4385 784 4416 uenu-
817 4369 883 4430 hujus
894 4369 962 4423 horae,
975 4370 1082 4417 velanni.
1255 4415 1258 4424 ,

210 4433 276 4488 τίων,
287 4433 321 4478 vel
331 4435 356 4480 in
366 4433 470 4491 susurrio,
478 4433 656 4492 suspendamur.
850 4434 953 4490 Dulium,
966 4441 1077 4482 testaceus
1088 4435 1155 4482 cadus
1167 4443 1221 4482 erat.
