2954 5022
219 273 287 336 *aas
584 269 627 344 Q.
651 267 855 332 HORATII
881 265 1054 332 FLAOCI
1138 211 1139 216 ¹

357 441 485 505 Horum
502 452 535 504 tn
551 440 583 502 in
599 459 766 504 numerum
782 451 857 504 voto
871 420 954 504 ruis:
979 437 1099 502 invidet
1113 459 1208 502 usum

356 553 533 639 Lignorum
549 563 580 614 et
594 550 717 636 pecoris
732 539 789 615 tibi
803 550 872 614 calo
887 564 1017 638 argutus
1033 562 1064 614 et
1078 547 1172 612 horti.

357 662 458 746 Optat
471 659 622 746 ephippia
635 661 693 725 bos
708 660 798 746 piger
810 683 818 735 ;
841 673 930 745 optat
944 683 1034 725 arare
1049 658 1202 724 caballus.

360 771 465 848 Quam
484 769 541 834 scit
556 783 698 855 uterque,
723 770 833 847 libens,
857 769 1003 847 censebo,
1021 783 1167 832 exerceat
1181 779 1296 831 artem.

582 946 613 990 dt}
631 945 695 1006 piger
705 943 775 1006 affert
785 945 904 990 Bentlcins
914 945 945 988 ad
955 943 1059 989 caballus.

726 1181 897 1189 ..Ἥ-ι.

485 1469 487 1474 ,
569 1367 937 1461 nrrsrona
980 1353 1081 1452 'xu

619 1621 669 1667 AD
687 1621 888 1672 NUMONIUM
906 1622 1039 1670 VALAM.

229 1835 341 1882 Horatius
349 1831 682 1880 cammlaeaaarnoinacaana
695 1833 874 1892 Pladosopkicum
884 1849 966 1881 arcum
976 1834 1079 1880 retendit.
1105 1832 1134 1880 B.
1169 1830 1231 1880 Cum
1245 1831 1356 1878 Horatius
1365 1845 1411 1877 auc·

266 1900 356 1946 toritate
367 1897 463 1943 Antonii
483 1895 560 1941 Musae
571 1895 652 1941 medici
668 1896 805 1943 celeberrimi
816 1899 879 1958 aquis
894 1898 981 1960 frigidis
995 1914 1050 1946 usus
1062 1899 1209 1960 (quamquam
1228 1897 1308 1943 invitis
1318 1896 1415 1942 Baiamm

265 1964 351 2018 incolis,
363 1963 401 2023 qui
418 1976 480 2022 aegre
490 1959 597 2014 serebant,
608 1959 668 2022 quod
684 1963 764 2022 aegroti
775 1963 804 2010 ad
813 1963 876 2024 aquis
887 1963 974 2025 frigidis
985 1963 1100 2018 utendum,
1113 1963 1193 2024 spretis
1205 1961 1308 2014 thermis,
1321 1959 1414 2008 Clusium

267 2028 397 2088 Gabiosque
412 2020 524 2086 peterent)
547 2023 643 2070 hiemem
655 2026 778 2088 transigere
789 2027 858 2074 vellet
872 2021 895 2072 in
912 2027 969 2074 locis
985 2027 1117 2084 maritimis;
1134 2027 1190 2088 petit
1200 2041 1215 2073 a
1227 2025 1294 2080 Vale,
1309 2032 1334 2074 ut
1344 2024 1415 2070 scribat

266 2093 294 2140 de
306 2092 372 2140 Velia
382 2099 406 2138 et
417 2089 517 2144 salerno,
534 2105 585 2150 quae
604 2089 693 2137 illorum
711 2091 841 2152 oppidorum
853 2092 979 2138 vicinorum
995 2093 1018 2138 in
1030 2091 1132 2138 Lucania
1148 2096 1177 2136 sit
1192 2091 1302 2145 conditio,
1314 2090 1415 2150 reperian-

266 2165 334 2204 turne
350 2157 378 2203 ibi
395 2171 428 2210 ea,
449 2170 499 2215 quae
518 2154 546 2200 ad
568 2155 621 2200 vitae
643 2155 813 2202 commoditates
833 2157 964 2217 pertineant,
982 2157 1071 2212 coelum,
1089 2157 1159 2218 panis,
1176 2171 1242 2216 aqua,
1260 2155 1353 2216 lepores,
1368 2151 1414 2213 apri,

265 2223 346 2284 pisces.
379 2219 419 2266 Do
434 2221 487 2266 vino
499 2233 523 2266 se
536 2233 582 2266 non
594 2233 694 2280 quaerere
705 2220 742 2274 ait,
760 2221 811 2282 quia
821 2235 958 2282 generosum
969 2221 998 2267 ibi
1015 2237 1065 2268 esse
1076 2227 1172 2267 constet.
1204 2220 1259 2266 Etsi
1271 2219 1337 2271 enim,
1345 2232 1414 2278 quam-

265 2287 303 2332 diu
320 2285 406 2332 invilla
426 2299 466 2330 sua
484 2283 609 2339 rusticetur,
627 2284 706 2345 quovis
717 2285 770 2331 vino
791 2293 912 2332 contentus
924 2286 969 2333 sit:
988 2301 1039 2332 cum
1059 2292 1134 2332 temen
1151 2285 1179 2330 ad
1197 2299 1263 2331 mare
1279 2281 1414 2333 descenderit,

265 2367 290 2398 se
302 2351 412 2411 requirere
423 2349 532 2410 optimum
549 2347 577 2393 ad
592 2347 712 2395 cuticulam
724 2349 852 2397 curandam.
886 2349 986 2396 Omnino
1003 2358 1079 2396 autem
1095 2365 1120 2396 se
1136 2350 1158 2394 in
1176 2351 1219 2394 hac
1231 2365 1258 2395 re
1268 2348 1361 2394 similem
1371 2360 1414 2391 esse

265 2415 354 2471 Maeuii,
371 2414 415 2476 qui,
433 2414 451 2460 si
470 2428 515 2458 non
530 2413 652 2474 accepisset
670 2413 729 2460 unde
744 2414 805 2462 laute
821 2421 844 2460 et
861 2415 952 2476 opipare
971 2423 1077 2466 coenaret.
1103 2414 1143 2461 sed
1159 2413 1294 2462 tenuissimo
1311 2411 1342 2458 uti
1360 2411 1413 2456 rictu

265 2487 357 2526 coactus
368 2485 433 2533 esset,
450 2477 589 2524 luxuriantes
601 2485 694 2539 nepotes
705 2479 841 2542 vituperaret
851 2497 858 2527 r
877 2479 911 2526 sin
923 2493 977 2526 vero
994 2480 1089 2527 lautiora
1100 2488 1180 2525 nactus
1191 2485 1260 2534 esset,
1278 2478 1337 2524 laute
1347 2489 1413 2522 come-

265 2543 455 2592 dentes‘laudnret
464 2543 585 2604 beatosque
596 2543 735 2604 praedicaret.

325 2735 328 2739 ·
363 2703 450 2780 Qum
465 2704 506 2768 sit
520 2687 619 2768 biems
635 2704 746 2783 Veliae,
763 2703 848 2791 quod
864 2703 989 2781 coelum,
1006 2703 1097 2781 Vela,
1116 2703 1250 2783 Salerni,

362 2813 510 2889 Quorum
524 2813 687 2877 hominum
703 2815 801 2900 regio,
818 2825 849 2878 et
866 2813 966 2900 qualis
981 2814 1031 2878 via
1046 2779 1133 2938 fram
1148 2814 1227 2877 mihi
1244 2813 1338 2879 Baias

371 2921 468 2986 Musa
482 2946 689 3007 supervacuos
706 2924 876 3001 Antoniae,
899 2937 1050 2989 ettamen
1065 2925 1125 2989 rllis

365 3033 424 3098 Me
439 3033 513 3098 facit
527 3033 673 3113 invisum,
695 3019 800 3124 gelidis
814 3020 886 3099 ciam
901 3035 1030 3120 perluor
1046 3022 1132 3100 undii

277 3155 296 3211 5
363 3143 426 3208 Per
440 3141 578 3209 medium
593 3144 700 3232 frigus.
745 3135 821 3210 saud
836 3157 972 3208 murteta
986 3146 1131 3235 relinqui,

701 3323 716 3365 5
733 3325 832 3381 myrteta
840 3319 891 3364 edd.
901 3305 953 3364 cett.

267 3471 295 3517 41
315 3469 410 3517 Horum
429 3475 457 3516 tac
474 3469 500 3515 in
519 3482 664 3525 numer-rem
680 3469 722 3515 etsi
741 3469 810 3516 fueris
831 3471 1127 3530 datonnmasaliseqaa
1138 3470 1274 3518 dictumest.
1305 3467 1337 3517 Et
1351 3465 1409 3517 Vella»

234 3552 287 3584 rure
298 3542 430 3598 procurator
441 3549 505 3580 meus
516 3541 539 3580 et
549 3534 649 3580 libertus.
845 3535 899 3580 olim
920 3535 995 3589 Helm,
1008 3541 1066 3582 teate
1085 3533 1166 3590 Plinio,
1183 3536 1207 3581 h.
1224 3551 1246 3582 e.
1263 3534 1382 3582 Pandora:
1398 3543 1409 3573 θ

267 3603 298 3648 la
318 3601 387 3655 calu
405 3598 559 3653 mediastinus,
571 3598 609 3658 qui
620 3599 669 3660 Jam
681 3598 709 3644 de
719 3599 811 3660 longin—
848 3598 932 3645 Grseco
943 3599 1021 3651 Ἕλος.
1082 3654 1086 3660 ,

234 3683 279 3728 quo
290 3665 352 3726 ligna
362 3671 429 3725 atque
445 3665 507 3711 olera
521 3663 584 3724 petit.
625 3663 736 3722 Argutus,
749 3663 810 3710 calli·
878 3666 893 3710 2
912 3659 1017 3716 motum
1027 3664 1161 3718 lanciam,-
1178 3665 1193 3712 i.
1204 3680 1224 3711 e.
1235 3659 1409 3726 quomrum

234 3731 282 3786 dus,
293 3744 333 3776 seu
345 3729 418 3790 potius
432 3728 523 3790 loquax.
843 3728 874 3774 ibi
884 3730 1056 3776 contionantes.

267 3798 342 3854 Piger,
354 3809 421 3854 quem
432 3794 495 3856 piget
505 3793 587 3840 laboris
599 3793 642 3839 sui.
875 3793 1115 3848 santonicorum,
1128 3794 1239 3842 Medicus.
1265 3787 1408 3849 Hmmjae

266 3863 298 3907 44
320 3860 425 3920 Uterque,
439 3869 463 3904 tn
475 3858 559 3904 seilicet
570 3864 593 3904 et
605 3858 654 3904 calo
665 3869 737 3904 meus.
843 3865 902 3904 terat
928 3865 955 3904 sd
982 3859 1071 3905 lavaero
1086 3858 1176 3922 fia'gido
1203 3868 1306 3908 armeno
1326 3859 1407 3916 1>er

267 3924 361 3972 Concedo
368 3938 377 3979 ,·
395 3923 528 3969 sententiam
540 3923 618 3976 dicam,
631 3931 726 3968 tractum
742 3921 808 3968 eSe-
843 3924 962 3969 (scabram
972 3925 1077 3969 (dolorem.

233 3999 295 4038 natu.
330 3986 610 4050 Aristoph.Vesp.1422.
637 3983 710 4050 ‘Epioe
730 3987 763 4038 cle
784 3985 807 4038 ἣν
833 4003 835 4009 ⁴
876 3989 1038 4046 dirimamus,
1050 3987 1148 4041 inutiles,
1160 3988 1197 4036 vel
1208 3989 1263 4034 nihil
1274 3993 1368 4050 agentes·

232 4053 325 4104 isaram
339 4049 400 4102 εἰδείη
412 4051 500 4113 rixam.
876 4053 891 4096 b
907 4051 1014 4098 Invisum
1020 4067 1030 4108 ,·
1047 4053 1076 4098 ob
1088 4054 1195 4100 amissum
1204 4061 1314 4114 quaestum
1326 4049 1406 4098 scilittl·

875 4119 890 4161 5
908 4117 986 4172 Sane;
1003 4119 1145 4178 nequeenim
1156 4121 1280 4181 perjurum
1291 4115 1384 4164 mentior.

427 4179 535 4228 EPIST.
552 4180 611 4227 XV.
876 4181 994 4235 Mrcrtetaf
1012 4182 1057 4228 Est
1070 4190 1092 4228 et
1107 4185 1258 4244 quamodrem
1275 4179 1404 4230 maraton

240 4303 243 4308 ¹
268 4252 278 4296 l
299 4249 387 4296 Pendet
403 4247 474 4308 prima
489 4247 527 4292 illa
543 4246 689 4308 interrogatio
705 4260 720 4292 e
735 4261 757 4290 v.
768 4248 808 4292 25.
841 4247 989 4293 satdatioaum
999 4241 1404 4313 [caterinaererrapmfimomddw

234 4317 283 4361 Por
294 4323 331 4368 est,
348 4322 370 4359 te
379 4312 441 4359 nodis
451 4311 548 4364 seribere,
561 4325 613 4371 quo
624 4312 784 4358 manauere.
842 4325 912 4369 uapor
927 4311 1020 4373 colticis
1036 4313 1168 4368 includitur,
1184 4313 1242 4360 sicto
1262 4327 1327 4372 rupo
1342 4307 1404 4356 Halm

271 4381 330 4425 Velio
346 4385 367 4422 ct
385 4378 505 4422 Salernum
516 4377 595 4436 oppido
607 4383 662 4422 sunt
674 4376 805 4421 Laconica.-
840 4376 865 4421 r'ra
877 4375 1108 4422 Mnmrtsnntemns.
1142 4427 1145 4434 1
