2964 5022
571 355 613 432 Q.
638 355 846 422 HORATII
871 355 1041 422 FLACCI

343 526 529 614 Prodigum,
548 528 649 592 Poeno
664 537 842 614 superante,
855 527 1000 612 Paulum,

342 637 461 702 Gratus
476 639 592 727 insigni
606 640 739 704 referam
757 639 908 717 Camena,

255 754 298 810 40
513 749 767 837 Fabriciumque.
798 805 800 812 .

343 857 454 938 Hunc,
471 871 503 928 et
517 861 661 926 incomtis
679 863 812 926 Curium
824 859 945 945 capillis

342 969 462 1035 Utilem
478 972 561 1037 bello
575 975 656 1052 tulit,
673 986 704 1038 et
721 973 890 1038 Camillum

343 1080 437 1145 Saeva
450 1097 630 1168 paupertas,
645 1099 678 1149 et
692 1086 792 1150 avitus
807 1097 883 1170 apto

515 1195 598 1259 Cum
612 1197 677 1261 lare
692 1196 817 1260 lirndus.

256 1307 298 1364 45
346 1305 477 1383 Crescit,
493 1307 617 1372 occulto
632 1308 717 1373 velut
731 1309 825 1373 arbor
838 1329 920 1385 aevu,

316 1493 317 1502 ἵ
346 1415 444 1480 Fama
460 1417 625 1483 Marcelli:
650 1419 744 1484 micat
757 1420 838 1484 inter
853 1439 963 1482 omnes

340 1525 460 1592 Julium
476 1529 572 1608 sidus,
588 1531 674 1595 velut
688 1532 769 1596 inter
784 1532 872 1620 ignes

514 1641 607 1705 Luna
622 1643 769 1706 minores.

343 1747 457 1816 Gentis
472 1748 620 1816 humanae
634 1763 723 1836 pater
737 1763 830 1838 atquc
845 1763 968 1826 custos.

257 1864 298 1920 50
343 1857 423 1923 Orte
440 1861 587 1940 Saturno,
604 1863 660 1926 tibi
674 1885 751 1927 cura
764 1861 871 1948 magni

344 1969 478 2034 Caesaris
492 1971 562 2036 fatis
577 1972 667 2037 data:
691 1986 724 2037 tu
740 1971 879 2037 secundo

520 2084 647 2148 Caesare
662 2106 784 2172 regnes.

344 2193 412 2271 Ille,
429 2217 485 2259 seu
502 2194 636 2258 Parthos
652 2195 745 2260 Latio
760 2193 959 2258 imminentes

342 2304 453 2392 Egerit
461 2307 548 2392 justo
563 2305 699 2383 domitos
714 2304 885 2389 triumph0,

257 2423 297 2480 55
344 2415 416 2480 Sive
431 2416 587 2502 subjectos
605 2414 745 2479 Orientis
760 2437 826 2479 orae

516 2527 608 2591 Seras
623 2538 655 2589 et
671 2525 779 2604 Indos,

341 2635 390 2700 Te
405 2636 509 2700 minor
523 2636 621 2700 latum
637 2650 725 2723 reget
740 2660 849 2724 aequus
865 2618 994 2702 orbem:

162 3022 165 3028 -
211 2995 243 3041 38
259 2996 296 3042 Sic
306 3009 332 3042 ea
342 2994 411 3040 MSS.
423 2995 499 3058 Bentl.
512 2993 616 3042 Paullum
628 3002 747 3056 superante
759 2994 833 3041 Poeno
844 2998 875 3041 ol.
939 2996 970 3042 ts
988 2996 1035 3042 Pro
1046 3009 1109 3042 saeva
1119 2994 1177 3057 conj.
1189 2995 1282 3044 Omma
1300 2995 1360 3052 laetu,
1379 3003 1402 3043 et

242 3060 321 3108 Berul.
332 3066 415 3113 sancta,
426 3074 456 3105 ac
465 3066 526 3106 casta
542 3061 605 3107 Witt.
639 3061 686 3106 Pro
696 3067 749 3121 apto
760 3060 819 3122 conj.
829 3060 906 3106 Beatl.
917 3067 974 3106 arto.
1039 3061 1071 3106 45
1089 3061 1137 3106 Pro
1152 3077 1202 3108 aevo
1213 3060 1271 3122 conj.
1287 3061 1402 3108 Heinsius

243 3139 309 3171 arvo:
329 3125 366 3169 'ad
375 3125 436 3170 lanc
446 3123 599 3184 conjecturum
613 3125 817 3170 comprandendum
832 3126 912 3171 laudat
922 3125 1040 3172 Bentleius
1052 3126 1124 3172 Hom.
1135 3126 1289 3172 iliatam.
1318 3121 1368 3171 ὀἷον
1379 3122 1402 3171 δὲ

244 3187 315 3255 egipti
331 3187 386 3253 leros
397 3187 449 3253 ἀνὴρ
465 3188 557 3252 testulis
568 3187 643 3240 ἐλαίης
654 3186 721 3252 κόρᾳ
733 3188 751 3234 ἓν
762 3187 862 3249 elassibus,
878 3191 938 3250 quod
957 3190 1085 3236 scholiastes
1102 3191 1264 3250 imapretatur
1274 3188 1343 3254 ierim
1358 3189 1402 3236 nal

240 3253 331 3320 pordes.
347 3254 374 3300 Z.
431 3255 463 3300 54
479 3252 635 3300 Domitorseu
646 3253 750 3300 dominus
760 3253 818 3314 σοφῇ.
838 3255 902 3301 Gatet
911 3269 948 3313 ap.
959 3255 1035 3300 Bentl.
1087 3257 1118 3301 55
1131 3254 1186 3302 Orae
1193 3258 1265 3302 Brod.
1283 3256 1342 3302 Gau.
1353 3257 1400 3302 Ito.

242 3321 315 3379 Steplr.
326 3320 374 3365 coll.
385 3321 436 3366 Sao.
447 3319 524 3364 Bentl.
536 3319 596 3365 Cura.
615 3319 677 3364 Tau.
689 3316 742 3364 oris
753 3319 782 3364 al.
847 3323 878 3365 57
895 3320 973 3366 laetum
985 3321 1037 3366 MS.
1050 3321 1094 3366 Ro.
1106 3315 1180 3379 Steph.
1196 3322 1245 3367 coll.
1261 3321 1312 3367 Sar.
1326 3321 1399 3366 Brod.

242 3386 305 3431 codd.
316 3385 400 3445 altprect
412 3383 495 3430 Lama.
505 3391 526 3428 et
540 3384 616 3430 Bentl.
626 3385 650 3429 it.
661 3385 695 3429 ed.
712 3385 786 3430 Verut.

242 3678 274 3724 38
291 3673 403 3736 Loquitur
414 3676 442 3722 de
453 3673 547 3722 AEmilio
556 3673 634 3730 Paulo,
646 3676 683 3737 qui
694 3675 718 3721 in
729 3690 787 3736 prae-
853 3672 884 3722 tt
902 3675 987 3722 Sensus
994 3673 1082 3722 videtur
1093 3675 1140 3721 hic:
1161 3673 1241 3721 Gloria
1247 3673 1308 3720 illius
1316 3674 1395 3719 veteris

209 3737 240 3786 lio
251 3741 280 3787 ad
292 3738 383 3788 Cannas
394 3741 467 3803 periit.
509 3771 514 3782 ·
820 3739 932 3795 Marcelli,
939 3741 976 3802 qui
983 3741 1119 3801 temporibus
1126 3739 1243 3785 Annibalis
1248 3738 1330 3791 floruit
1336 3753 1394 3784 cres-

242 3806 273 3851 40
291 3806 432 3861 Fabricium
445 3821 512 3867 quem
525 3803 626 3864 Pyrrhus
634 3805 789 3866 magnitudine
820 3806 857 3860 cit,
872 3807 935 3867 quasi
958 3813 1085 3858 renovatur,
1107 3805 1131 3850 iu
1159 3803 1270 3850 Marcello
1298 3802 1393 3864 Augusti

210 3869 278 3916 animi
295 3883 341 3916 non
358 3871 433 3916 minus
450 3885 516 3931 quam
532 3870 600 3915 armis
612 3885 687 3916 secum
700 3876 789 3916 certam
819 3869 866 3916 filio
885 3870 998 3933 adoptivo,
1019 3869 1207 3931 quemadmodum
1229 3867 1294 3914 arbor
1315 3866 1392 3914 sensim

209 3941 255 3982 tem
267 3933 354 3982 dicebat
363 3935 475 3996 dffttlius
490 3935 518 3979 ab
534 3935 653 3989 honestate,
670 3950 743 3996 quam
753 3950 787 3981 so·
820 3935 909 3982 crescit.

208 4000 330 4046 kmdsuo
341 4011 411 4046 mrsu
422 4001 569 4058 asemposse.
852 4002 883 4046 tr
900 4000 992 4048 Julium
1007 3999 1069 4047 udus
1088 3999 1179 4060 respicit
1191 3997 1219 4044 ad
1237 3996 1330 4044 monet
1348 3999 1391 4044 θα-

242 4066 270 4110 41
291 4063 375 4113 Curius
384 4063 503 4111 Dentatus
520 4063 576 4110 dixit
589 4079 641 4110 eum
652 4079 703 4110 esse
712 4065 787 4126 perni-
819 4067 975 4119 sarisustrum,
981 4073 1007 4111 ut
1014 4071 1081 4112 vocat
1088 4064 1155 4125 Virg.
1165 4062 1215 4108 Ecl.
1222 4065 1245 4108 9.
1255 4061 1298 4107 tr:
1312 4061 1390 4107 dedam

208 4129 295 4176 ciosum
306 4130 378 4177 civem
391 4130 426 4176 cui
438 4136 523 4190 septem
534 4128 583 4190 agn·
589 4130 672 4191 jugera
683 4145 728 4176 non
741 4129 788 4176 suf·
819 4131 932 4185 murtam,
951 4145 1002 4190 quae
1018 4145 1070 4176 curn
1088 4129 1146 4175 ludis
1156 4127 1286 4174 funebribus
1300 4123 1391 4174 Caesarls

208 4193 309 4241 licerent.
342 4194 389 4241 Hic
404 4201 439 4241 est
455 4194 492 4240 ille
514 4201 640 4241 contemtor
658 4195 705 4241 auri
723 4193 788 4241 Sam·
820 4195 963 4256 apparuisset,
980 4211 1021 4257 pro
1037 4194 1111 4240 anima
1123 4191 1222 4241 Caesaris
1233 4192 1256 4238 in
1268 4190 1388 4237 coelumre-

209 4257 298 4306 uitium.
466 4311 468 4318 χ
740 4276 742 4280 ·
819 4259 878 4320 cepti
895 4259 975 4314 habita,
993 4266 1016 4306 et
1031 4259 1149 4306 simulacro
1161 4260 1209 4320 ejus
1225 4255 1342 4302 invertire
1356 4256 1388 4301 ad-

242 4325 273 4370 ts
290 4325 359 4380 aava,
372 4339 479 4379 severam,
486 4323 577 4379 duram,
588 4331 611 4370 et
630 4331 742 4372 austeram
753 4324 787 4371 di·
820 4324 865 4371 dita
875 4332 916 4378 est,
929 4325 988 4370 utin
999 4325 1097 4370 nummis
1108 4323 1175 4368 hodie
1185 4320 1328 4383 conspicitur.

209 4403 267 4445 cere,
286 4389 322 4435 hic
339 4390 411 4437 voluit
429 4390 503 4452 poeta.
536 4388 626 4449 Aptum
643 4389 721 4445 brem,
742 4403 788 4436 non
854 4391 885 4436 53
903 4388 940 4435 Ob
960 4396 1089 4450 superatum
1111 4386 1189 4434 Crassi
1211 4386 1332 4432 'exercitum
1350 4383 1388 4446 ipsi

207 4453 316 4516 majorem
328 4453 427 4510 domum,
440 4469 506 4516 quam
523 4469 563 4516 pro
576 4454 679 4517 portione
690 4455 739 4515 agri
755 4455 788 4500 bi·
820 4453 903 4502 Romae
916 4462 938 4502 et
950 4452 1016 4501 Latio
1028 4451 1157 4499 imminebat
1169 4451 1300 4498 Parthus·
1344 4475 1346 4480 v
1379 4469 1384 4478 ·

207 4529 296 4574 norum,
308 4519 337 4568 ad
348 4535 462 4568 summum
474 4521 742 4582 septenorumjugerum.
