2954 5022
203 330 266 392 na
545 325 819 414 euomuit
843 317 1013 404 attona

330 497 492 584 Tempore
505 500 663 567 cervinam
677 498 793 586 pellem
806 497 931 566 latravit
944 500 977 564 in
991 485 1078 578 solt,

330 607 451 673 Militat
464 608 498 674 ia
512 608 598 675 silvis
611 611 742 676 catulae.
779 608 877 676 Nunc
889 609 1004 674 adhibe
1017 629 1102 694 pum

331 717 466 784 Pectore
479 719 575 785 verba
588 739 688 806 puer3
709 739 796 785 nunc
809 731 841 785 te
854 717 1037 785 melioribus
1049 717 1139 783 offer.

330 827 411 906 Quo
426 827 523 894 semel
536 844 585 894 est
598 829 719 894 imbuta
733 849 853 909 recens,
869 827 1005 895 servabit
1018 825 1151 892 odorem

245 945 286 1008 to
329 937 427 1004 Testa
441 918 506 1004 did.
552 923 651 1016 Qudd
665 933 692 1004 si
705 961 818 1018 cesses,
835 953 891 1005 aut
904 950 1052 1004 strenuus
1065 936 1187 1014 mteiat

329 1047 398 1114 Nee
411 1049 538 1116 tardum
552 1047 711 1136 opperior,
727 1069 786 1114 nec
799 1049 1051 1134 praecedentibus
1064 1049 1158 1113 insto.

564 1215 597 1260 67
614 1207 641 1276 [†
649 1211 729 1259 adhssae
738 1213 769 1260 al.
779 1220 921 1275 repugnante
930 1205 1020 1275 metm]

545 1690 917 1774 EPISTOLA
958 1690 1042 1772 ΙΙΙ.

607 1903 658 1952 ΑΒ
675 1901 811 1954 JULIUM
828 1899 984 1950 FLORUM.

359 2063 1233 2131 Perqutumtttertoetcnntitmmorteeetocmnpmnetmnttm.

325 2217 348 2283 J
349 2239 406 2282 uti
423 2195 549 2295 Fauna
565 2216 680 2304 quibus
694 2227 850 2308 terrerum
865 2214 977 2279 militet
990 2215 1054 2278 oris

330 2327 482 2392 Claudius
498 2326 636 2414 Augusti
649 2327 823 2414 privignus
838 2324 918 2390 scire
931 2325 1052 2389 laboro.

326 2417 496 2504 Thracdne
510 2459 577 2515 vos,
603 2435 794 2523 Hebrusque
808 2435 903 2499 nivali
918 2433 1071 2520 compede
1085 2435 1217 2513 vinctus,

329 2549 383 2613 An
397 2549 478 2614 frete
492 2547 608 2612 vicinas
622 2545 874 2612 intercurrentis
887 2559 1000 2623 turres,

261 2669 282 2727 5
326 2661 380 2724 An
394 2659 529 2746 pingues
545 2658 633 2722 Asioe
647 2656 750 2742 campi
765 2655 922 2742 collesque
937 2653 1128 2718 morantur?

328 2769 418 2846 Quid
433 2769 573 2834 studiosa
587 2768 701 2833 cohors
715 2787 848 2852 operum
862 2764 983 2830 struit?
1006 2764 1090 2830 Haec
1105 2786 1231 2852 quoque
1244 2787 1344 2844 curm

327 2881 409 2957 Quis
424 2879 485 2944 sibi
499 2903 549 2944 res
563 2891 667 2967 gestas
683 2877 821 2966 Augusti
836 2875 973 2940 scribere
987 2873 1106 2939 sumit?

327 2990 419 3056 Bella
433 2989 502 3077 quis
515 3000 547 3054 et
560 3011 653 3074 paces
668 2987 799 3074 longum
814 2985 962 3050 diffundit
975 2985 1008 3048 in
1023 2983 1151 3049 aevum?

328 3099 419 3176 Quid
434 3098 550 3178 Titius,
568 3099 714 3163 Romana
728 3096 816 3162 brevi
830 3110 980 3162 venturus
994 3097 1028 3161 in
1041 3101 1109 3176 ora,

199 3289 211 3334 1
231 3285 289 3334 Luci
305 3283 364 3348 conj.
377 3284 453 3333 Marc.
521 3290 536 3334 6
554 3285 609 3336 Hoc
620 3303 708 3350 quoque
719 3301 738 3340 c.
751 3287 828 3334 Bentl.
837 3301 863 3333 ec
874 3288 938 3334 codd.
953 3303 1002 3335 non
1011 3288 1086 3336 molt.-
1105 3301 1163 3334 nam
1173 3286 1272 3352 refertam
1281 3287 1313 3332 ad
1322 3294 1390 3334 arue-

644 3355 725 3400 cedcnt
735 3351 871 3400 membrum
904 3351 929 3404 Ζ,
981 3389 984 3395 .

230 3517 263 3562 67
281 3512 341 3563 Cum
353 3513 440 3562 animus
452 3522 504 3562 tuus
520 3515 621 3562 nondum
635 3515 664 3562 sit
681 3514 777 3562 infectus
809 3515 893 3577 recepit
903 3514 970 3562 etiam
979 3515 1050 3578 signa,
1059 3529 1110 3576 quae
1119 3511 1156 3561 M.
1165 3509 1249 3563 Crasso
1258 3513 1389 3561 ademerant

197 3585 222 3627 et
237 3587 355 3640 corruptus
371 3579 478 3626 vitiorum
489 3580 624 3642 contagione
635 3588 658 3626 et
671 3581 777 3643 peccandi
809 3579 895 3627 Parthi.
924 3580 1018 3628 Sueton.
1031 3579 1083 3626 lib.
1096 3595 1116 3627 c.
1126 3583 1150 3626 9.

198 3644 368 3692 cousuetudine.
403 3645 547 3699 Nanc,dum
559 3661 614 3706 puer
625 3661 657 3693 ea.
841 3649 857 3692 2
874 3645 970 3700 Laboro,
979 3644 1064 3707 gestio.
1254 3684 1256 3688 .

230 3709 322 3764 Adhibe,
331 3708 396 3756 avide
406 3716 430 3756 et
440 3725 501 3772 caepe
511 3709 567 3756 bibe.
840 3711 1002 3763 Utrumne,
1028 3706 1114 3773 Θρᾴκη.
1152 3707 1199 3756 Per
1227 3705 1387 3754 Macedoniam

230 3777 261 3822 68
278 3773 409 3822 Melioribus
426 3773 496 3839 effen
519 3773 654 3822 doctIoribtrs
671 3775 776 3824 excolen-
809 3773 974 3835 Thraciamque
994 3775 1118 3820 exercitum
1137 3773 1232 3820 ductum
1251 3787 1309 3829 este,
1321 3773 1388 3820 tradit

195 3839 257 3888 dum.
808 3855 897 3902 quoque
909 3839 1030 3886 Suetonius
1038 3835 1089 3886 Tib.
1101 3853 1148 3902 cap.
1162 3839 1200 3884 tt.

232 3909 263 3952 70
284 3905 367 3958 Testa,·
385 3903 454 3950 cadus
462 3905 499 3951 vel
510 3905 623 3966 amphora.
841 3906 856 3949 t
873 3905 915 3950 An
916 3903 1001 3966 sreta;
1021 3903 1196 3964 Hellespontum
1207 3901 1269 3949 dicit.

233 3972 310 4022 Cessat
316 3991 326 4027 ἰ
344 3969 427 4016 tardior
438 3983 469 4025 et,
482 3977 506 4016 et
516 3969 676 4032 negligentior.
844 3970 935 4024 Turres,
947 3971 1024 4016 Senon
1033 3975 1054 4015 et
1066 3969 1174 4030 Abydon.

843 4035 858 4079 5
875 4035 1008 4088 Morantur,
1025 4033 1145 4089 oblectent
1162 4047 1241 4080 amore
1256 4029 1291 4078 aui
1310 4040 1388 4095 ceptor

403 4096 512 4146 EPIST.
528 4096 577 4146 111.
809 4098 923 4145 discedere
934 4106 1020 4146 vetant.

232 4168 244 4211 l
262 4165 342 4213 Julius
352 4164 496 4228 Floassntt
514 4165 540 4212 in
552 4166 643 4211 Calacte
659 4165 707 4211 ie.
717 4165 777 4210 inter
841 4167 856 4210 6
876 4165 956 4210 Colore
972 4171 1026 4210 sunt
1036 4161 1101 4210 amici
1113 4159 1203 4216 liberii,
1215 4161 1319 4218 comitet,
1335 4166 1396 4210 con-'

199 4231 294 4278 tontes
309 4229 392 4276 Tiberii
406 4230 514 4283 neonis
525 4231 566 4290 qni
575 4231 603 4274 ab
615 4231 720 4289 Angusto
732 4231 776 4275 int-
808 4229 941 4284 tubernales‚
954 4229 991 4289 qui
1003 4235 1026 4274 et
1037 4227 1199 4274 commensales
1213 4225 1332 4276 dicuntur.-

190 4294 285 4356 pert‘um
295 4295 388 4354 accepd.
404 4292 508 4340 Tiberius
516 4292 624 4342 Claudius
631 4294 695 4342 Nato
704 4293 778 4341 Liviae
843 4295 911 4347 Cerno,
924 4293 980 4340 scire
991 4293 1077 4340 laboro.

195 4359 255 4404 lilius
275 4375 335 4406 anno
349 4357 380 4404 U.
393 4357 421 4406 C.
434 4360 525 4406 73‘loalr
536 4361 646 4421 Augusto
656 4360 739 4407 missus
750 4359 778 4406 ad
836 4361 859 4420 Ἰ9
880 4359 955 4406 Titius
978 4359 1098 4418 aprinum
1121 4357 1207 4419 Lyaeo
1234 4357 1389 4408 carminare

198 4422 316 4472 Orientem
326 4439 421 4486 regnum
435 4424 653 4490 Armeniaer'ligtaai
666 4423 777 4474 restituit:
815 4424 1043 4486 magociacense
1054 4423 1159 4483 Augusti·
1166 4430 1272 4482 tempure.
