2964 5022
526 347 580 424 Ω.
605 335 812 412 HORATII
836 335 1012 406 FLACCP

606 617 734 739 ouri
766 653 935 736 xviri.

625 886 628 898 ·
669 860 719 907 AD
736 857 873 908 VARUM.

269 1009 373 1058 Mettum
385 1009 559 1062 Perilametrum
572 1009 795 1064 carnaticum
807 1009 913 1069 tumidae,
925 1008 994 1054 tribus
1008 1004 1143 1053 Choriomhis
1153 1011 1174 1050 et
1185 1003 1274 1049 Iambe.

310 1167 470 1245 Numam,
486 1168 581 1247 Vare,
598 1192 686 1234 sacra
700 1170 763 1234 vite
777 1169 865 1254 prius
880 1167 994 1234 severis
1010 1167 1157 1232 arborem

309 1276 403 1341 Circa
413 1279 487 1343 mite
502 1278 604 1343 solum
621 1278 760 1358 Tiburis,
776 1292 808 1344 et
821 1279 939 1342 moeuia
954 1279 1059 1342 Catili.
1083 1260 1085 1265 ¹

308 1387 405 1452 Siccis
420 1390 526 1452 omnia
545 1411 620 1452 nam
635 1389 715 1453 dura
729 1389 820 1454 Deus
839 1390 1022 1475 proposuit3
1045 1411 1151 1475 neque

307 1498 479 1564 Mordaces
498 1501 587 1565 aliter
601 1501 770 1588 diffugiunt
785 1500 1008 1566 solicitudines.

242 1618 263 1672 5
308 1609 390 1686 Quis
401 1623 474 1695 post
487 1611 561 1674 vina
574 1634 702 1698 gravem
716 1587 858 1676 miliiiam
873 1623 928 1676 aut
941 1611 1123 1698 pauperiem
1138 1611 1267 1697 erepat?

308 1719 390 1796 Quis
404 1741 469 1784 non
484 1733 515 1785 te
529 1723 645 1806 potius,
663 1721 788 1786 Bacche
801 1733 902 1806 pater,
917 1733 1021 1809 teque,
1037 1723 1152 1787 decens
1162 1721 1300 1787 Venus?

306 1831 352 1896 At
366 1853 407 1895 ne
422 1832 491 1918 quis
506 1831 623 1895 modici
637 1831 790 1896 transiliat
810 1855 942 1896 munera
957 1832 1089 1911 Liberi,¹
1270 1835 1276 1844 “

308 1940 486 2005 Centaurea
499 1953 607 2007 mouet
621 1964 694 2006 cum
709 1941 853 2028 Lapithis
869 1943 939 2006 rixa
953 1966 1047 2028 super
1061 1967 1153 2010 mero

308 2051 494 2116 Debellata:
518 2065 626 2118 monet
642 2052 792 2118 Sithoniis
814 2076 878 2117 non
892 2053 969 2118 levis
985 2055 1106 2132 Eviusr

221 2171 260 2228 10
306 2162 390 2228 Cum
400 2163 446 2228 fas
463 2174 558 2250 atque
572 2164 659 2228 nefas
675 2164 792 2252 exiguo
805 2163 869 2228 fine
882 2164 1049 2230 libidinum

304 2274 502 2342 Discernunt
515 2274 608 2340 avidi.
653 2275 728 2339 Non
743 2297 804 2362 ego
821 2287 863 2353 te,
879 2275 1014 2340 candide
1028 2276 1195 2356 Bassareu,

303 2385 442 2449 invitum
457 2385 613 2472 quatiam3
628 2407 687 2450 nec
701 2385 794 2448 variis
809 2385 912 2450 obsita
924 2385 1090 2452 frondibus

304 2496 371 2562 Sub
386 2496 494 2560 divum
509 2495 648 2581 rapiam:
670 2519 754 2560 saeva
767 2507 839 2576 tene
854 2518 927 2560 cum
942 2496 1134 2585 Berecyntio

308 2607 419 2670 Cornu
435 2619 599 2692 tympana,
615 2629 688 2693 quae
701 2606 905 2694 subsequitur
916 2629 1018 2676 caecus
1034 2609 1137 2674 Amor
1150 2611 1208 2689 sui,

221 2728 259 2784 15
304 2717 348 2781 Et
362 2715 474 2780 tollens
489 2738 622 2781 vacuum
636 2717 709 2802 plus
723 2717 821 2782 nimio
836 2717 949 2784 Gloria
962 2705 1120 2798 verticem,

304 2825 485 2913 Arcanique
502 2826 595 2890 Fides
609 2826 754 2914 prodiga,
769 2827 961 2912 perlucidior
974 2823 1065 2896 vitro,

176 2993 187 3035 1
200 2989 256 3036 Nul.
267 3003 321 3034 vere
328 3003 388 3034 novo
400 2986 480 3033 Acron
491 2988 649 3042 Fobricinuuc,
660 2993 687 3035 'ar
701 2989 761 3048 virg.
775 2989 827 3039 Geo.
835 2995 858 3039 2.
869 2995 924 3040 319.
989 2998 1005 3040 5
1017 2996 1116 3058 increpat
1124 2999 1195 3045 Brod.
1205 3000 1274 3046 etium
1284 3010 1305 3048 et
1313 3005 1364 3052 coll.

205 3057 256 3101 Sue.
274 3051 303 3100 C.
335 3053 435 3113 increpet
444 3053 479 3098 ed.
494 3053 602 3101 Glareau.
662 3053 924 3106 7Ac.Bentl.ecodd.
983 3062 1012 3108 18
1024 3061 1086 3107 diurn
1095 3063 1130 3108 ed.
1144 3063 1208 3110 θίαν.
1259 3068 1321 3114 liet
1332 3071 1362 3115 15

203 3118 238 3166 sui
250 3125 273 3166 et
284 3117 404 3164 Adtollens
411 3117 517 3186 ‚Caenina
527 3118 552 3164 it.
562 3119 596 3164 ed.
612 3118 675 3165 Gar.
709 3117 829 3168 Extolleus
839 3124 887 3169 coll.
899 3125 950 3170 Suc.

365 3254 440 3302 ODE
457 3253 558 3302 XVIII.
816 3265 831 3307 9
849 3261 941 3314 Arrium
952 3272 994 3319 est,
1006 3281 1061 3312 cum
1071 3267 1149 3314 minuc
1160 3268 1250 3324 datur,
1260 3271 1314 3330 plue
1324 3273 1365 3318 in·

193 3319 218 3367 'l
237 3320 276 3368 Ex
287 3321 374 3374 Alcaeo,
384 3322 448 3382 cujus
458 3321 495 3366 hio
506 3336 585 3367 versus
596 3320 658 3366 citari
670 3322 751 3368 soleta
782 3326 895 3386 telligitur.
928 3328 1029 3376 Sithonia
1037 3332 1067 3376 ab
1075 3331 1147 3378 AEmo
1155 3333 1183 3380 ad
1194 3333 1289 3382 Istrum.

173 3387 245 3433 doctis
264 3385 330 3432 viris:
363 3381 430 3436 Mnilr
450 3384 511 3431 dito
528 3383 634 3449 φυτεύσῃς
652 3385 752 3452 agitagit
818 3386 954 3452 ltl'Emguo
967 3395 1027 3456 fine,
1048 3395 1063 3442 i.
1085 3411 1107 3442 e.
1130 3399 1205 3446 Nulla
1225 3400 1361 3464 differentia.

172 3447 260 3517 iiiique
271 3449 376 3510 ἀμτίλα.
783 3452 838 3500 Non
850 3456 895 3502 fine
905 3458 1027 3513 libidinum,
1036 3461 1074 3506 sed
1082 3461 1140 3507 avidi
1151 3462 1275 3511 libidinum.
1291 3466 1361 3512 Avidi

203 3519 219 3562 2
237 3516 335 3577 Virgilio
355 3513 455 3570 Catillus,
470 3514 551 3562 dicitur
567 3514 638 3562 frater
656 3515 750 3570 Tiburni
781 3519 900 3568 libidinum
908 3538 1091 3586 quarumcunque
1100 3542 1151 3572 cum
1160 3539 1214 3574 sunt
1224 3529 1284 3584 ebrii,
1297 3531 1360 3577 nullo

171 3580 237 3643 primi
248 3579 339 3627 Tiburis
351 3579 479 3626 conditoris.
565 3609 567 3613 ·
776 3585 833 3647 fine,
845 3593 906 3632 certe
920 3589 1003 3647 eriguro,
1011 3589 1056 3652 sas
1066 3597 1134 3650 atque
1144 3593 1208 3656 agtus
1220 3595 1359 3654 ducentum,

204 3648 220 3692 3
236 3644 285 3691 Res
295 3646 404 3692 humanas
424 3643 490 3690 Deus
501 3644 531 3690 ita
543 3645 644 3698 instituit,
662 3652 693 3700 ut,
711 3646 749 3706 qui
782 3649 820 3695 sed
832 3659 906 3706 ruunt,
919 3668 963 3712 quo
974 3652 1018 3698 fert
1028 3654 1132 3716 impetus.
1348 3645 1364 3700 f

171 3711 249 3756 vinum
257 3725 303 3755 nou
313 3710 394 3763 bibant,
404 3709 427 3754 hi
434 3709 488 3755 vitae
494 3709 638 3756 incommoda
644 3711 748 3758 sentiant.
815 3717 845 3760 ll*
865 3716 986 3780 Βισσαρεὺς
998 3720 1060 3778 quasi
1072 3721 1205 3787 Barregsbs,
1216 3723 1294 3788 lingua
1305 3725 1360 3773 titu-

179 3781 182 3788 '
206 3773 305 3821 4'0rau
317 3773 408 3834 Βάκχος
425 3772 500 3837 icitia
512 3770 624 3820 “nulium
636 3775 660 3820 at
669 3773 746 3842 μίριμ·
779 3780 835 3825 bans
846 3781 883 3826 vel
893 3781 982 3828 blaesus.

173 3857 213 3887 ma.
249 3839 374 3885 Anacreon.
815 3847 844 3890 12
863 3846 969 3898 Quatiam
983 3864 1026 3908 ruo
1043 3865 1154 3908 moveam,
1171 3855 1226 3914 qaia
1244 3856 1269 3900 in
1284 3871 1359 3902 sacro-

202 3908 218 3950 5
237 3906 339 3963 Oreirare,
351 3904 438 3949 assilire
449 3905 477 3948 de
486 3919 510 3950 re
521 3905 598 3965 aliq1m
608 3906 676 3967 loqui.
750 3923 754 3927 ·
780 3923 835 3954 rum
851 3912 991 3958 renovatione
1002 3917 1199 3964 couimovebnutur
1214 3921 1362 3970 amaneum.

203 3971 219 4014 6
236 3970 328 4016 Decens
339 3968 406 4014 modo
418 3969 446 4014 de
456 3968 530 4015 forma
541 3971 636 4026 dicitur3
656 3971 709 4017 alias
721 3971 748 4016 de
780 3973 826 4018 imo
837 3982 860 4020 et
871 3975 893 4020 iu
908 3975 995 4038 Pompa
1006 3978 1225 4030 circumferebantur.

170 4034 277 4079 moribus.
309 4033 551 4092 Sitflrrrrwsa,deceru.
582 4034 688 4082 Juvenal
814 4036 885 4086 Cistae
898 4040 944 4086 sive
956 4043 1025 4088 Arcae
1038 4043 1123 4090 Bacchi
1135 4039 1245 4108 pampinis
1256 4055 1279 4094 et
1290 4049 1363 4098 herle«

202 4103 218 4144 8
236 4099 296 4144 Rieu
311 4098 483 4156 Jurircoueultir
499 4107 531 4146 eit
543 4115 626 4160 pugna
647 4117 662 4146 a
679 4101 749 4147 uerbis
781 4117 812 4148 rae
823 4103 882 4150 foliis
894 4113 985 4166 opertae,
995 4123 1050 4168 quas
1061 4109 1124 4156 nefas
1135 4127 1235 4160 movere.

170 4171 228 4208 oria.
282 4203 284 4208 ,
697 4182 699 4187 ·
816 4171 844 4214 13
862 4169 938 4216 Mixta
955 4180 1008 4218 suut
1024 4189 1086 4221 sacra
1112 4174 1197 4222 Bacchi
1214 4194 1266 4224 cum
1289 4181 1360 4228 sacris

204 4225 243 4272 Ad
255 4220 349 4272 Pirithoi
367 4227 456 4288 nuptias
473 4228 560 4276 invitati
574 4227 682 4278 Centauri
693 4229 747 4276 virro
780 4230 864 4280 Matris
880 4235 966 4284 Dellm.
999 4239 1062 4284 Saeva
1079 4247 1136 4294 tene,
1155 4248 1197 4288 etc.
1214 4244 1238 4290 h.
1259 4259 1279 4290 e.
1295 4260 1357 4292 coru-

170 4298 194 4338 et
204 4305 281 4337 amore
298 4292 366 4338 saucii
384 4293 502 4339 turbarunt
518 4295 600 4341 omnia.
634 4293 749 4341 Describit
781 4311 848 4358 pesce
859 4307 967 4360 tympana
985 4310 1007 4348 et
1024 4318 1109 4351 cornua
1120 4313 1164 4360 tua,
1176 4323 1228 4368 quae
1239 4309 1358 4358 immodice

170 4359 234 4402 ru'ore
245 4371 286 4403 sun
297 4355 420 4404 illam-cum
433 4357 535 4420 Lapithis
545 4359 686 4421 (Thessalica
692 4375 749 4422 gen·
782 4370 857 4412 sumto
869 4365 922 4410 uiuo
934 4367 1036 4414 homiues
1044 4369 1138 4432 adigunt
1146 4371 1174 4420 ad
1185 4373 1301 4431 insaniam,
1311 4393 1357 4432 seu,

171 4417 205 4480 te)
218 4435 316 4484 pugnam
331 4421 398 4470 Ovid.
410 4422 470 4476 Met.
484 4426 520 4471 12.
532 4427 586 4470 elo.
780 4425 816 4474 fac
827 4444 856 4474 ne
866 4430 940 4476 ebrius
950 4430 1010 4480 fiam.
