2972 5020
307 703 714 840 acronium
761 740 1038 826 unacco
1134 671 1136 678 ¹

453 1017 907 1174 Semnonum

513 1563 833 1639 SATIRARUM

430 1817 594 1904 LIBER
627 1819 920 1881 SECUNDUS.

532 2291 749 2376 SATIRA
789 2293 822 2375 I.

127 2551 149 2600 la
161 2557 255 2618 molam
269 2557 308 2620 qui
324 2557 437 2605 actionem
454 2557 482 2602 dc
489 2555 589 2620 sonoris
607 2555 682 2604 mello
701 2556 799 2605 Horatio
826 2556 958 2604 interitobot.
1003 2554 1038 2604 Ut
1056 2562 1163 2604 conatum
1182 2572 1274 2606 suorum

149 2622 295 2669 obtrectatorum
305 2637 390 2670 vanum
402 2635 458 2677 esse,
472 2636 514 2668 nec
531 2637 556 2668 se
574 2637 588 2668 a
607 2622 680 2669 satiris
699 2621 821 2669 scribendis
839 2622 934 2669 istorum
954 2619 1087 2668 clamoribus
1106 2629 1225 2670 avocatum
1243 2624 1272 2670 iri

148 2687 258 2742 ostenderet,
268 2682 334 2734 finxit
343 2688 404 2735 lrunc
414 2687 485 2748 longe
495 2686 653 2735 suavissimum
664 2686 870 2748 facetissimumque
884 2687 999 2748 dialogum
1010 2684 1122 2734 Horatius
1133 2687 1192 2734 inter
1203 2703 1228 2734 se
1238 2689 1273 2751 ip-

150 2767 186 2798 sun
195 2759 214 2798 et
222 2751 354 2808 Trebatium,
366 2752 440 2799 virum
451 2752 605 2799 doctissimum
622 2760 646 2799 et
658 2753 717 2815 juris
728 2753 799 2799 civilis
816 2751 984 2814 peritissimum,
1001 2767 1098 2813 eumque
1109 2759 1132 2799 et
1142 2752 1234 2815 ingenio
1249 2760 1273 2800 et

149 2815 213 2862 bestiis
224 2817 440 2872 excellentissimum,
453 2825 478 2863 ut
489 2820 518 2864 e'x
530 2815 654 2878 Ciceronis,
670 2832 715 2879 quo
726 2816 898 2864 familiarissime
916 2831 971 2864 usus
989 2822 1043 2871 erat,
1061 2817 1161 2878 epistolis
1176 2824 1274 2864 constat.

149 2878 194 2928 Cum
203 2882 274 2930 satiras
292 2897 361 2938 meas,
379 2881 458 2943 inquit,
469 2881 507 2928 vel
519 2881 586 2928 nimis
604 2883 701 2937 acerbas,
712 2883 750 2929 vel
761 2883 827 2944 plane
837 2882 899 2928 leves
915 2887 939 2928 et
956 2880 1031 2928 futiles
1051 2897 1101 2928 esse
1119 2881 1195 2928 dicant
1214 2896 1275 2929 non-

150 2945 200 3003 nulli;
213 2947 261 3008 quid
276 2947 332 2993 mibi
350 2946 476 2994 faciendum
495 2946 530 3002 sit,
549 2948 666 3008 responde.
702 2948 767 2997 abet.
786 2946 826 2994 Ne
844 2947 927 2994 scribas
938 2961 1025 2993 versus.
1058 2945 1118 2993 Hor.
1134 2945 1222 2994 Recte:
1242 2954 1273 3002 at,

149 3010 277 3066 usiscdbarn,
289 3027 368 3074 capere
379 3026 484 3059 somnum
500 3027 546 3058 non
562 3027 663 3074 possum.
699 3011 857 3074 mestaque
875 3018 914 3058 aut
931 3018 1008 3058 natata
1024 3009 1132 3066 Tiberim,
1149 3017 1189 3058 aut
1204 3011 1275 3074 largi-

148 3089 168 3120 us
181 3077 310 3124 subnectem
320 3077 389 3123 bibito
404 3091 494 3123 mecum
499 3093 507 3134 ς
530 3084 576 3133 aut,
596 3077 614 3124 si
631 3077 740 3124 scribendi
751 3077 860 3139 cupiditas
875 3074 899 3123 t'e
909 3075 1022 3130 invaserit,
1037 3089 1073 3122 res
1084 3075 1275 3140 gestas‘Augusti

149 3140 221 3188 scribito.
252 3143 313 3188 Hor.
329 3141 418 3188 Audio:
438 3141 477 3188 sed
493 3141 521 3187 ad
531 3143 589 3188 banc
606 3157 653 3188 rem
670 3143 733 3188 deest
742 3143 798 3188 mihi
808 3141 933 3204 ingenium.
969 3141 1035 3188 Trcb.
1051 3139 1161 3187 Attamen
1178 3155 1230 3188 eum
1248 3149 1275 3188 ut

144 3205 209 3266 justum
224 3213 248 3253 et
268 3205 351 3252 fortem
366 3212 432 3268 potes
449 3205 550 3262 scribere,
569 3207 758 3268 quemadmodum
778 3206 907 3268 Scipionem
925 3205 1045 3253 celebravit
1063 3204 1174 3253 Lucilius.
1214 3207 1276 3252 Hor.

148 3267 222 3331 Operam
231 3271 286 3318 huic
297 3271 328 3317 rei
343 3271 406 3326 dabo,
418 3285 471 3318 cum
482 3272 589 3333 temporis
600 3273 657 3320 ratio
668 3272 758 3319 tulerit:
778 3271 860 3333 alioqui
871 3271 971 3318 carmina
985 3286 1037 3318 mea
1050 3270 1089 3317 ille
1107 3286 1154 3318 non
1170 3271 1239 3334 leget,
1252 3280 1276 3319 et

148 3348 175 3381 me
182 3335 346 3398 inopportunum
358 3335 488 3398 repudiabit.
522 3338 588 3384 Troo.
606 3335 739 3385 Consultius
755 3337 800 3384 lroc
816 3337 864 3392 erit,
882 3351 948 3398 quam
967 3335 1040 3383 satiris
1060 3335 1182 3383 scribendis
1198 3336 1276 3382 odium

148 3399 238 3448 boninum
249 3401 275 3448 in
286 3407 310 3448 te
324 3401 430 3448 excitare.
463 3399 523 3450 Hoc.
540 3401 586 3455 Sua
601 3401 695 3463 quisque
708 3408 798 3449 tenetur
809 3402 939 3463 voluptate:
967 3408 991 3448 et
1006 3416 1044 3448 me
1062 3400 1160 3447 delectat
1179 3401 1276 3448 scribere

148 3478 210 3522 rmus,
220 3466 298 3528 quales
309 3464 417 3521 Lucilius,
428 3467 452 3512 h.
463 3481 483 3512 e.
494 3465 581 3513 satiras.
613 3466 684 3514 Hunc
701 3483 789 3528 sequor,
801 3482 936 3528 quamquam
955 3481 999 3528 ego
1015 3481 1062 3512 non
1081 3481 1130 3512 sum
1147 3465 1275 3520 Romanus,

149 3529 205 3586 utillo,
215 3531 255 3578 sed
267 3530 315 3576 sive
326 3531 430 3592 Appulus
441 3531 489 3578 aive
505 3530 628 3578 Lucanus:
653 3547 690 3579 res
705 3533 766 3579 enim
777 3538 812 3578 est
822 3532 915 3578 incerta.
931 3529 1019 3577 Verum
1036 3531 1096 3576 ultro
1107 3530 1220 3577 nermnem
1233 3547 1276 3577 un-

148 3608 196 3654 quuu
211 3595 300 3657 scriptis
317 3596 433 3651 lacessam,
452 3596 496 3642 nisi
510 3596 634 3651 lacessitus,
653 3597 714 3658 quod
732 3597 800 3644 Deus
818 3603 919 3644 evenat:
948 3611 998 3642 arun
1016 3595 1077 3642 enim
1095 3595 1156 3657 pacis
1174 3595 1277 3656 cupidus.

149 3657 198 3712 Orrod
211 3660 297 3708 sivero
315 3661 365 3722 quis
375 3676 413 3708 me
431 3660 568 3718 lacessierit3
591 3662 612 3708 is
622 3661 681 3709 male
691 3663 803 3709 mulcatus
814 3661 920 3709 discedet.
951 3659 1014 3706 Nam
1026 3675 1078 3706 cum
1090 3660 1221 3722 aequisque
1236 3661 1276 3708 de-

148 3722 202 3772 leniat
214 3725 285 3772 armis
302 3725 336 3780 iis,
354 3726 434 3787 quibus
452 3725 551 3773 maxime
561 3727 637 3785 valet;
663 3743 713 3789 ego,
733 3727 938 3789 quaecunqueuitae
948 3741 1007 3772 meae
1025 3725 1124 3772 conditio
1141 3725 1217 3772 futura
1233 3732 1275 3782 est,

149 3790 223 3838 renibus
233 3791 350 3854 pugnabo.
385 3791 451 3838 abab.
467 3789 489 3837 0
500 3806 562 3852 puer,
573 3799 658 3847 metuo,
671 3808 700 3839 ne
710 3792 747 3848 ita,
759 3792 837 3854 magni
847 3792 890 3838 viri
904 3790 1002 3838 amicitia
1018 3791 1106 3846 amissa,
1123 3806 1165 3852 pro
1182 3791 1277 3852 aegritu-

148 3851 184 3901 diuc
196 3855 257 3903 brevi
273 3870 360 3918 parm.
392 3857 453 3903 Hor.
469 3854 504 3902 At
522 3857 601 3918 procul
619 3856 695 3912 abfuit,
715 3863 741 3905 ut
757 3856 843 3904 Laeuus
854 3863 877 3904 et
889 3855 963 3918 Scipio
977 3855 1050 3902 satiris
1061 3854 1150 3910 Lucilii,
1162 3855 1242 3916 quibus
1253 3861 1277 3902 et

148 3933 242 3978 procerum
262 3927 287 3968 et
303 3920 453 3968 multitudinis
470 3920 526 3967 vitia
544 3921 756 3985 perstringebantur,
776 3921 948 3976 offenderentur,
971 3928 998 3967 ut
1018 3936 1046 3968 eo
1067 3919 1204 3966 familiariter
1226 3927 1277 3967 ute-

148 3992 208 4034 rentur.
240 3985 286 4032 Me
303 4000 398 4047 quoque,
415 4000 549 4048 quamquam
566 3993 589 4033 et
604 4003 689 4050 genere
699 3993 722 4034 et
737 3986 829 4050 ingenio
840 3988 958 4049 disparem,
969 3992 1045 4032 tamen
1057 4000 1109 4032 curn
1120 3985 1174 4030 viris
1185 3985 1276 4047 magnis

148 4048 207 4098 risisse
215 4065 314 4113 semper,
324 4065 368 4098 noc
379 4051 495 4114 negabunt
504 4051 616 4108 malevoli,
628 4053 666 4114 qui
677 4067 729 4099 cum
744 4052 804 4100 malo
821 4068 863 4100 suo
881 4067 918 4098 me
937 4051 1063 4107 lacessent;
1088 4050 1132 4095 nisi
1150 4049 1190 4095 tibi
1209 4065 1275 4097 secus

149 4113 200 4162 risun
212 4115 291 4163 firerit.
326 4116 391 4164 Μ.
408 4115 521 4179 Equidem
532 4116 572 4163 tibi
590 4132 637 4164 non
654 4117 791 4180 repugnabo.
822 4116 980 4164 Veruntamen
991 4129 1071 4162 caveas
1081 4114 1156 4170 velim,
1168 4129 1198 4161 ne
1208 4115 1276 4176 igno-

149 4180 209 4228 nioue
218 4182 307 4244 legum,
322 4193 379 4243 ‘quae
397 4196 488 4244 poenam
505 4181 626 4239 minantur,
646 4184 665 4230 ei
682 4183 732 4244 quis
749 4182 807 4229 mala
826 4181 967 4229 carmina-iu
977 4194 1044 4241 quem
1056 4179 1177 4241 scripserit,
1196 4179 1220 4225 in
1235 4181 1276 4242 jus

149 4247 209 4292 soceris
228 4253 253 4293 et
270 4240 392 4293 damneris.
423 4247 483 4294 Hor.
500 4244 621 4296 Concedo:
642 4249 661 4295 si
680 4247 730 4310 quis
747 4247 808 4296 mala
826 4247 925 4294 carmina
942 4244 1070 4306 scripserim
1090 4251 1114 4290 at
1125 4244 1178 4306 quid
1188 4251 1244 4300 tum,
1257 4245 1276 4291 si

149 4309 186 4367 pris
194 4311 305 4374 ipsevitse
314 4310 410 4372 integer,
425 4313 485 4358 bona
500 4312 606 4368 carmina,
618 4328 672 4376 quae.
679 4313 722 4375 ipsi
733 4311 841 4375 Augusto
851 4313 979 4374 probantur,
991 4311 1015 4356 in
1026 4309 1140 4358 hominem
1151 4310 1275 4373 opprobriis

147 4371 232 4437 dimum
271 4376 339 4424 Μ.
350 4374 410 4424 Tum
422 4392 490 4425 omne
496 4377 606 4442 judicium
617 4392 670 4428 cum
681 4377 727 4427 risu
737 4377 813 4436 exilit,
825 4385 849 4426 et
860 4383 885 4426 tu
895 4377 987 4440 impune
997 4374 1073 4424 abibis.
