2972 5020
176 361 241 421 stt
535 351 577 434 Q.
601 351 808 424 HORATll
832 351 1002 422 FLACCI

301 525 409 592 Semet
422 541 605 616 prognatos.
627 542 746 606 vestem
761 549 929 616 servosque
944 537 1109 614 sequentes

302 635 342 700 In
356 659 473 725 magno
486 651 523 703 ut
535 639 655 725 populo
670 640 697 705 si
711 640 781 727 quis
797 640 933 718 vidisset,
949 623 1032 704 aviti

216 756 258 813 80
302 747 355 812 Ex
368 771 404 814 re
417 749 554 836 praeberi
568 764 688 815 sumtus
703 750 781 813 mihi
795 750 938 814 crederet
952 747 1031 812 illos.

301 859 376 944 Ipse
391 859 469 924 mihi
484 872 589 923 custos
604 859 891 945 incorruptissimus
906 879 1016 923 omues

304 969 434 1034 Circum
449 969 594 1034 doctores
608 968 726 1034 oderat.
771 968 860 1046 Quid
871 966 994 1032 multa?
1014 964 1165 1050 pudicum

300 1078 382 1164 (Qui
395 1079 517 1163 primus
531 1078 654 1143 virtutis
669 1078 784 1159 honos)
800 1078 934 1142 servavit
948 1075 989 1140 ab
1003 1075 1092 1138 omni

301 1188 378 1252 Non
392 1187 495 1252 solum
508 1187 601 1267 facto,
616 1170 725 1253 verum
740 1185 912 1273 opprobrio
926 1207 1053 1274 quoque
1067 1185 1172 1270 turpi:

218 1306 261 1366 8⁵
305 1298 375 1362 Nec
389 1297 502 1376 timuit,
518 1297 577 1362 sibi
591 1320 633 1362 ne
646 1298 722 1363 vitio
736 1297 806 1384 quis
820 1306 964 1372 verteret,
980 1293 1056 1360 olim

307 1407 343 1474 Si
356 1429 462 1493 praeco
475 1429 598 1493 parvas,
614 1418 669 1471 aut
681 1411 730 1493 (ut
742 1405 803 1472 fuit
816 1405 897 1490 ipse)
912 1415 1039 1469 coactor

304 1517 472 1585 Mercedes
486 1539 653 1604 sequerer:
676 1538 778 1604 neque
792 1537 852 1601 ego
866 1536 967 1580 essem
981 1527 1119 1603 questus.
1142 1518 1188 1581 At
1197 1515 1263 1581 hoc
1278 1536 1379 1580 nunc

303 1628 390 1694 Laus
406 1627 451 1690 illi
465 1626 609 1704 debetur,
624 1637 656 1690 et
670 1608 690 1690 ἐ
703 1648 755 1689 me
768 1624 869 1712 gratia
883 1627 993 1710 major.

303 1739 360 1805 Nil
374 1762 425 1804 me
438 1739 590 1824 poeniteat
604 1757 715 1800 sanum
730 1735 827 1821 patris
842 1735 953 1822 hujus:
975 1713 1077 1824 obque

218 1859 261 1933 90
305 1851 392 1929 Non,
408 1861 443 1913 ut
455 1870 571 1936 magna
584 1846 659 1911 dolo
673 1845 789 1910 factum
803 1859 899 1932 negat
912 1869 980 1911 esse
995 1869 1053 1911 suo
1067 1870 1151 1933 pars,

178 1941 183 1948 ’
305 1941 403 2038 Quid
417 1981 482 2024 non
496 1959 651 2045 ingenuos
666 1956 780 2021 habeut
792 1955 956 2043 clarosque
970 1968 1127 2042 parentes,

304 2071 359 2136 Slc
371 2091 423 2134 me
437 2068 629 2152 defendam„
657 2045 770 2152 Longe
784 2087 855 2130 mee
869 2066 1027 2152 discrepat
1038 2067 1106 2132 istis
1154 2077 1156 2084 “

307 2179 351 2245 Et
365 2201 428 2244 vox
442 2191 474 2244 et
487 2177 588 2243 ratio:
610 2157 684 2240 nsm
699 2176 726 2241 si
739 2175 986 2261 naturajuberet

307 2290 339 2353 A
353 2288 446 2353 certis
460 2288 550 2353 annis
564 2308 666 2351 aevum
681 2308 821 2352 remeare
834 2297 1006 2371 peractum,

220 2407 262 2466 95
305 2398 413 2484 Atque
426 2396 504 2462 elios
518 2396 623 2484 legere
637 2395 678 2461 sd
691 2395 805 2460 fastum
820 2417 1024 2484 quoscunque
1038 2410 1201 2482 parentes:

305 2506 441 2592 Optaret
455 2506 514 2570 sibi
528 2506 680 2593 quisque3
702 2505 779 2570 meis
794 2517 969 2584 contentus,
985 2505 1133 2573 honestos
1229 2503 1235 2518 ⁰

307 2617 459 2682 Fascibus
473 2628 505 2681 et
518 2615 602 2681 sellis
616 2615 714 2680 nolim
729 2615 807 2678 mihi
821 2637 964 2692 sumere3
986 2615 1116 2682 demens

305 2727 327 2791 J
328 2726 433 2790 udicio
446 2726 543 2813 vulgi,
559 2747 654 2790 senus
665 2725 797 2790 fortasse
811 2738 880 2803 tuo,
896 2709 982 2812 qubd

304 2834 433 2900 Nollem
444 2856 525 2900 onus
541 2834 640 2921 (haud
653 2857 793 2923 unquam
808 2835 931 2916 solitus)
946 2848 1073 2921 portare
1087 2836 1267 2903 molestum.

202 2957 263 3014 100
306 2947 392 3011 Nam
406 2944 485 3009 mihi
499 2924 651 3010 continui>
665 2944 766 3030 major
779 2945 953 3032 quaereuda
967 2945 1048 3010 foret
1062 2968 1123 3026 res,

275 3131 280 3140 ,
305 3056 414 3142 Atque
429 3053 586 3118 salutandi
600 3053 725 3139 plures3
747 3053 911 3120 ducendus
926 3067 958 3120 et
972 3078 1054 3121 unus

304 3165 350 3231 Et
363 3186 467 3230 comes
482 3163 571 3242 ulter,
587 3163 633 3226 uti
647 3184 688 3228 ne
703 3162 788 3230 solus
803 3186 896 3231 rusve
910 3141 1059 3254 peregrl-

170 3357 207 3405 et
222 3353 341 3420 opprobrio
351 3353 567 3402 msuuimmevett.
577 3355 611 3401 ed.
628 3351 655 3401 Z.
692 3345 729 3402 'st
749 3351 785 3400 Ob
795 3353 839 3401 hoc
855 3355 910 3401 ἴση.
923 3356 1043 3404 1⁸:19.st
1061 3353 1089 3402 ud
1100 3355 1143 3402 boe
1153 3355 1223 3404 etiam
1233 3357 1264 3405 G.
1284 3373 1359 3407 essen

207 3429 327 3482 ocquestus
338 3420 366 3466 ob
377 3435 404 3466 oo
414 3434 475 3465 nunc
491 3420 546 3494 an.
556 3419 626 3466 1479.
647 3419 691 3466 hoc
702 3434 739 3480 qu.
750 3419 778 3465 ad
793 3419 837 3464 hoc
853 3433 914 3465 nunc
930 3421 993 3467 Med.
1007 3422 1076 3468 1486.
1091 3421 1135 3466 hoc
1149 3436 1186 3480 qu.
1198 3423 1227 3468 ob
1237 3423 1281 3470 hoc
1292 3425 1359 3471 Med.

210 3483 656 3597 ¹⁵⁰²bll³²1llm¹⁷⁰luffio⁹⁶
672 3483 856 3596 hillini?
864 3485 1359 3600 tltttttt‘ufflltffltto

206 3557 390 3678 ἓξῖιεετοιυίὓ.
403 3579 499 3659 le'en.
513 3612 582 3658 1479.
598 3580 638 3658 Iu:
885 3579 892 3594 ·
932 3579 978 3596 Η
1064 3581 1072 3596 ⁹
1143 3581 1150 3596 ι

147 3750 154 3765 ‘
207 3753 241 3799 to
256 3752 290 3799 Iu
305 3765 388 3811 stagno
403 3757 431 3799 ut
441 3750 540 3812 Μυίας
559 3748 620 3797 Puto
636 3749 679 3796 hoc
693 3749 753 3797 velle
817 3749 909 3799 Coactor
918 3752 983 3812 mssgit
992 3767 1099 3801 numnius
1108 3769 1123 3800 a
1135 3755 1260 3810 Forcmeis,⁸
1279 3757 1322 3818 qui
1336 3763 1358 3804 et

172 3816 308 3878 simpliciter,
327 3815 350 3863 iu
368 3815 463 3877 publico,
479 3815 503 3861 in
519 3829 608 3877 magna,
620 3814 691 3874 qualis
701 3813 751 3861 Ro-
784 3815 926 3863 collectos-im
936 3818 1076 3865 nominatur.

173 3895 219 3929 mae
228 3896 279 3928 esse
289 3879 347 3927 solet
356 3880 421 3927 turbu
431 3879 546 3926 hominum
564 3894 589 3926 se
605 3886 680 3926 umen
695 3893 751 3925 oon·
813 3883 845 3926 st
861 3881 1104 3942 Mercedesseqtmerg
1116 3882 1138 3931 h.
1149 3898 1169 3931 e.
1178 3884 1250 3944 pretia
1264 3885 1359 3946 conqui-

176 3946 278 4009 spicuum
291 3945 368 3992 luisse.
780 3957 861 3991 rerem.

207 4010 277 4058 Avito
287 4024 314 4056 es
322 4025 354 4063 re,
365 4023 395 4055 ex
405 4005 539 4070 patrimonio
549 4008 577 4054 cb
588 4022 630 4054 avo
642 4007 727 4054 relicto.
812 4011 844 4056 92
860 4009 1089 4073 Discrepmproprie
1096 4011 1200 4058 dicuntur
1207 4013 1298 4060 chordae
1305 4015 1357 4061 bar·

206 4077 239 4121 88
256 4075 351 4121 Risum
360 4073 539 4126 utrumme·
558 4072 630 4132 pudor
647 4071 690 4118 flos
701 4071 750 4132 qui·
781 4073 827 4128 biti,
839 4073 875 4119 vel
885 4073 949 4134 lyrae.

173 4137 226 4184 uam
236 4138 326 4185 uirtutis
333 4145 374 4192 est,
389 4143 455 4198 atquc
466 4137 540 4183 decor.
556 4137 750 4184 Summumcmde
813 4139 845 4185 93
862 4137 896 4184 Et
906 4153 946 4184 uos
955 4146 976 4185 et
992 4139 1048 4186 ratio
1054 4161 1063 4196 ,·
1080 4141 1103 4186 b.
1113 4153 1133 4187 e.
1144 4143 1167 4186 et
1176 4142 1243 4187 verbe
1255 4149 1278 4189 et
1288 4143 1357 4190 animi

175 4199 567 4265 nq‘uscttimcmproeserrepudori.
598 4199 723 4248 Juvenclis.
781 4201 826 4248 mei
838 4201 954 4249 sententis.

207 4268 239 4311 85
256 4267 309 4313 Neo
324 4267 401 4313 timmt
422 4281 474 4313 cum
496 4271 571 4312 umen
594 4279 640 4310 nou
659 4265 750 4312 baberet
813 4269 845 4313 96
862 4266 988 4322 Ηωιεαοες
1006 4269 1146 4316 Fascibuset
1158 4267 1356 4316 &cmlibuslmuo-

176 4329 380 4377 causatu-timendi.
780 4338 858 4376 ratos.-
887 4330 902 4375 i.
921 4345 941 4378 e.
956 4334 1083 4380 conadam
1103 4341 1126 4379 et
1137 4334 1260 4393 patmos.
1292 4333 1355 4382 Nam

206 4395 238 4440 86
256 4395 374 4441 Praecmoes
389 4394 521 4440 (tuebamur
547 4394 587 4455 qui
610 4394 698 4442 stabunt
720 4395 750 4440 ad
782 4395 837 4441 sella
854 4395 1053 4446 curulisetlmees
1066 4398 1201 4460 aquores
1216 4397 1357 4462 pertinebunt

173 4459 268 4515 houm.
280 4465 301 4506 tt
311 4458 461 4507 mutuom
467 4459 542 4520 pretia
553 4458 632 4506 oblata.
681 4458 682 4462 ’
782 4459 933 4524 meginratus
1359 4471 1362 4484 ¹
