2964 5022
287 753 1042 851 Q.HORATIIFLACCI

422 992 926 1084 CARMINUM

459 1233 604 1300 LIBER
628 1234 890 1303 SECUNDUS.

575 1695 769 1778 OEAEL

425 1925 474 1972 AD
492 1925 520 1976 C.
538 1925 691 1974 ASINIUM
709 1924 923 1976 POLLIONEM.

90 2135 176 2184 Mamm
190 2138 281 2186 duobm
293 2137 379 2198 primis
393 2138 490 2184 verubus
507 2137 635 2193 Alcuiucm,
652 2139 715 2185 tenio
732 2139 862 2186 Iambc'wm
878 2139 1012 2188 Dimetrum
1025 2139 1267 2204 Hypercatdecticnm,

464 2211 544 2264 thrto
556 2204 710 2251 Pindaricum
720 2203 878 2265 Dactylicum.

202 2412 343 2478 Moruu
358 2434 399 2477 ax
415 2413 549 2480 Metello
565 2413 694 2479 consule
709 2415 853 2494 civicum,

204 2521 350 2608 Bellique
365 2545 485 2602 causas,
501 2537 532 2588 et
546 2525 631 2604 vitia,
648 2537 680 2590 et
693 2525 816 2605 modos

247 2632 439 2721 Ludumque
456 2634 617 2713 Fortunae,
633 2657 808 2724 gravesque

294 2742 479 2829 Principum
494 2746 656 2825 amicitias,
673 2759 705 2811 et
719 2769 808 2812 arma

147 2865 164 2920 5
207 2854 359 2920 Nondum
372 2855 506 2941 expiatis
521 2871 616 2920 uncta
630 2859 805 2938 cruoribus,

207 2967 395 3032 Periculosae
409 2966 540 3052 plenum
555 2989 637 3053 opus
652 2969 741 3047 aleae,

248 3078 397 3155 Tractas3
421 3090 452 3142 et
467 3077 585 3142 incedis
600 3101 657 3163 per
672 3079 760 3165 ignes

291 3189 477 3274 Suppositos
492 3190 590 3253 cineri
604 3188 734 3254 doloso:

206 3299 339 3365 Paulum
354 3321 471 3365 severae
488 3298 585 3364 Musa
600 3297 783 3386 Tragoediae

44 3482 45 3501 2
137 3421 169 3476 10
206 3412 296 3476 Desit
309 3410 457 3486 theatris3
480 3432 566 3488 mor,
581 3410 636 3474 ubi
651 3410 793 3495 publicas

248 3521 313 3585 Res
328 3519 495 3596 ordinaris,
510 3520 630 3608 grande
645 3542 760 3585 munus

554 3750 564 3790 l
579 3746 662 3792 civium
673 3747 722 3793 coll.
732 3749 784 3794 Sar.

305 3937 379 3987 ODE
397 3934 417 3986 I.
716 3941 732 3986 8
749 3937 899 4000 lepidissime
907 3937 963 3985 dixit
972 3935 1031 3987 Cato
1037 3938 1208 4002 Rernpublicam
1216 3953 1264 3986 non

682 4002 753 4051 fuisse
766 4017 867 4050 eversam
879 4002 995 4060 discordia,
1007 4005 1046 4050 sed
1057 4005 1153 4052 amicitia
1170 4004 1261 4050 Trium·
1340 4049 1342 4054 .

132 4067 250 4121 chcilio
267 4069 360 4117 Metello
378 4075 401 4115 et
420 4067 449 4114 L.
467 4066 563 4115 Afranio
583 4065 651 4116 Cosa.
682 4069 791 4116 virorum.

112 4131 162 4180 nU.
171 4132 193 4184 Q
202 4136 252 4183 694.
264 4132 396 4196 Pompeius,
407 4130 511 4188 Crassus,
525 4131 604 4183 Caeaar
613 4149 650 4179 ao·
714 4137 730 4180 9
748 4133 866 4195 Paulisper
883 4131 947 4180 differ
962 4132 1084 4196 trngoedias
1103 4133 1204 4187 scribere,
1222 4133 1263 4180 do-

111 4196 180 4246 dentem
202 4201 272 4256 iniere,
301 4213 370 4261 quarn
398 4197 535 4246 recentiores
558 4197 647 4260 quidam
681 4213 723 4247 nec
739 4199 854 4245 historiam
871 4198 931 4246 illam
948 4197 1057 4246 bellorum
1074 4198 1171 4245 civilium
1189 4198 1262 4245 absol-

112 4258 379 4328 Triumviruumappelunt.
680 4264 747 4311 ven's.

132 4330 207 4379 (idcina
215 4332 269 4380 acu
280 4331 394 4378 nouum
404 4336 485 4378 ueteres
495 4330 607 4378 dicaam.
715 4333 743 4376 ll
764 4328 875 4376 ordinare
885 4343 920 4375 res
924 4327 1033 4389 publicus,
1041 4327 1078 4373 hic
1086 4327 1197 4390 significat
1209 4327 1264 4375 nihil

130 4395 141 4440 2
156 4396 260 4460 Vninquae
271 4397 296 4442 in
310 4395 398 4442 ratione
408 4395 460 4442 belli
472 4401 532 4442 recte
543 4393 650 4442 adminis-
682 4393 742 4440 aliud
753 4409 819 4455 quam
832 4393 932 4442 ordinate
943 4391 1032 4446 referre,
1050 4407 1152 4440 enarrare
1163 4407 1198 4439 res
1209 4409 1262 4454 ges·

46 4450 51 4531 i
112 4460 331 4511 nrdcommittuutur.
682 4469 723 4506 tas.
1006 4522 1024 4558 *e
1068 4528 1088 4582 2
