2954 5022
175 335 237 394 ³16
541 329 582 406 Q.
600 323 806 394 HORATII
828 323 1000 391 FLACCl

222 506 261 562 35
305 497 428 577 Vivitis,
445 498 567 586 indigni
580 498 752 563 fraternum
767 520 913 584 rumpere
928 499 1040 575 foedus,

305 609 447 673 Pascitur
462 609 495 672 in
510 621 648 674 vestrum
662 608 798 672 reditum
813 609 916 674 votiva
925 611 1070 696 juvenca.

692 829 852 840 ...ω-...-

571 975 861 1058 EPISTOLA
892 972 967 1055 lv.

559 1176 609 1224 AD
626 1175 766 1224 ALBIUM
784 1175 978 1225 TIBULLUM.

183 1322 298 1368 libellum
308 1323 406 1369 sododem
416 1324 829 1386 manlulloquiosodrturmoermtem.
853 1325 917 1388 (Vid
932 1324 993 1370 adv.
1007 1323 1029 1368 l.
1047 1317 1087 1379 G.)
1111 1319 1141 1365 B.
1173 1317 1272 1364 Videtur
1282 1313 1379 1388 Tabul-

211 1386 258 1432 lum
270 1387 297 1432 sd
309 1402 358 1433 sese
368 1387 475 1434 invitasse
487 1388 606 1435 Horatius.
642 1388 704 1442 Quid
714 1389 770 1450 agis,
787 1390 865 1450 inquit,
883 1388 958 1435 nunc?
974 1401 1029 1433 num
1041 1385 1141 1432 carmina
1151 1383 1233 1435 scribis,
1250 1396 1279 1427 an
1291 1379 1377 1452 medr-

211 1451 321 1498 tabundus
338 1452 518 1514 philosopharis?
536 1451 605 1501 Certe
622 1453 661 1498 tibi
676 1453 791 1514 ingenium
808 1461 843 1499 est
856 1453 995 1515 praeclarum,
1011 1451 1084 1497 forma
1097 1448 1196 1509 corporis
1211 1445 1315 1518 egregia.
1335 1443 1375 1487 11¹⁶

211 1515 273 1560 vitiae
289 1530 409 1577 earumque
426 1523 499 1564 rectus
518 1532 577 1572 usus,
595 1517 677 1563 mentis
693 1517 816 1578 prudentia,
835 1517 937 1565 facundia
952 1516 1066 1570 orationis,
1083 1515 1155 1576 gratia
1170 1511 1227 1572 apud
1242 1509 1374 1571 principes,

211 1579 290 1640 gloria,
307 1579 371 1626 firma
381 1581 492 1637 valetudo,
505 1583 592 1628 habitus
604 1581 721 1642 cultusque
731 1582 785 1628 ritae
797 1583 923 1644 splendidus
934 1589 957 1628 et
967 1579 1106 1642 magnificus·
1142 1576 1220 1630 Quare
1230 1574 1284 1619 vive
1294 1572 1374 1645 laetus

212 1650 236 1688 ct
246 1645 384 1704 tranquillus,
402 1653 430 1700 et,
448 1647 467 1692 si
479 1647 550 1693 ridere
561 1647 623 1700 velis,
638 1646 687 1691 vise
698 1661 740 1698 me,
753 1646 790 1706 qui
802 1657 906 1708 tanquam
918 1645 1044 1708 Epicureus
1055 1652 1130 1690 cutem
1142 1657 1203 1694 curo,
1215 1639 1258 1686 edo
1269 1644 1293 1684 et
1303 1635 1373 1687 bibo,

212 1721 253 1753 nec
264 1723 325 1755 curae
336 1710 388 1756 ullae
399 1711 468 1756 animi
478 1711 523 1757 mei
535 1712 625 1758 turbant
637 1711 825 1771 tranquillitatem.

309 1837 410 1914 Arar,
425 1850 606 1900 nostrorum
615 1858 799 1916 ‚sermonum
815 1837 947 1902 candide
957 1836 1067 1922 judex,

308 1945 396 2021 Quid
411 1967 495 2009 nunc
510 1959 540 2010 te
554 1946 657 2009 dicam
670 1945 773 2012 facere
788 1948 820 2010 in
836 1948 963 2034 regione
979 1925 1132 2011 Pedani?

310 2055 453 2119 Scribere
468 2055 553 2142 quod
570 2055 660 2122 Cassi
676 2059 855 2122 Parmensis
869 2057 1020 2142 opuscula
1034 2051 1160 2119 vincat?

308 2164 361 2226 An
377 2165 506 2229 tacitum
521 2165 612 2230 silvas
626 2167 708 2231 inter
722 2183 845 2253 reptare
860 2168 1009 2244 salubres,

245 2281 264 2338 5
310 2273 482 2338 Curantem
496 2275 645 2362 quicquid
659 2276 790 2362 dignum
805 2276 944 2361 sapiente
958 2275 1104 2358 bonoque
1118 2270 1189 2334 est?

312 2383 387 2448 Nou
402 2395 436 2450 tu
451 2407 565 2469 corpus
580 2408 649 2449 eras
664 2386 730 2449 sine
744 2397 881 2470 pectore.
925 2385 971 2451 Di
985 2384 1042 2446 tibi
1056 2371 1198 2457 formam,

307 2492 354 2559 Di
371 2493 426 2557 tibi
441 2493 563 2559 divitias
578 2494 742 2573 dederunt,
758 2507 920 2580 artemque
933 2493 1067 2557 fruendi.

308 2603 396 2679 Quid
412 2617 521 2669 voveat
534 2603 619 2669 dulci
634 2604 789 2669 nutricula
805 2605 904 2689 majus
919 2603 1057 2681 alumno,

309 2713 376 2789 Qui
390 2737 499 2798 sapere
514 2727 545 2778 et
558 2715 616 2778 fari
630 2715 730 2799 possit
743 2738 815 2801 quae
830 2714 952 2792 sentiat,
968 2727 1000 2778 et
1013 2713 1064 2778 cui

227 2833 266 2888 10
310 2822 432 2902 Gratia,
447 2823 539 2903 fama,
555 2824 701 2888 valetudo
716 2823 878 2911 contingat
891 2805 1026 2903 abundd,

312 2933 356 2997 Et
370 2934 505 2998 mundus
520 2935 629 3012 victus,
646 2957 710 2998 nou
725 2934 889 2999 deficiente
904 2925 1077 3000 crumend?

312 3044 400 3107 Inter
415 3066 503 3130 spem
519 3066 698 3132 curamque,
715 3046 842 3109 timores
857 3045 937 3109 inter
952 3059 984 3109 et
998 3046 1070 3123 iras,

309 3152 447 3219 Omnem
463 3154 556 3218 crede
569 3154 653 3218 diem
668 3155 724 3218 tibi
739 3154 889 3219 diluxisse
903 3177 1103 3240 supremum:

183 3337 198 3388 9
216 3340 292 3396 Quam
304 3355 323 3387 s.
333 3340 383 3387 etf.
397 3347 423 3388 ut
433 3342 492 3402 vulg.
530 3341 604 3395 Quam
617 3347 642 3387 ut
654 3356 671 3388 s.
683 3342 736 3388 Bos.
752 3339 879 3388 Nobiscum
892 3341 969 3388 Beutl.
989 3341 1048 3389 Can.
1066 3343 1122 3390 Son.
1139 3344 1210 3390 rand.
1279 3350 1308 3396 18
1325 3349 1367 3395 ‹ls-

647 3405 730 3452 luxisse
740 3407 824 3466 primm
834 3407 894 3451 edre.
1102 3432 1107 3450 .

819 3569 938 3627 δί’σηηιε
965 3569 1067 3616 inomme
1094 3569 1232 3619 Proverbisli
1259 3587 1365 3622 sermone

787 3633 881 3678 inertem
892 3633 986 3680 dicimus
997 3641 1020 3679 et
1030 3635 1195 3684 meticulosum.

387 3696 494 3746 EPIST.
511 3696 556 3744 IV.
763 3751 766 3756 ‚
821 3698 890 3751 Eros,
903 3699 980 3759 supple
990 3699 1049 3758 olim.

724 3811 728 3823 ⁴
822 3765 837 3808 9
854 3763 912 3808 Fari
926 3777 978 3824 qssoe
993 3763 1087 3818 aerumn-
1106 3765 1134 3810 de
1153 3765 1280 3827 eloquentia
1292 3774 1318 3814 et
1331 3767 1366 3815 sa-

214 3834 230 3877 2
247 3830 339 3876 Pedum
360 3829 468 3888 muriciam
491 3825 554 3873 laud
569 3827 633 3886 longe
653 3827 681 3872 ob
702 3827 757 3872 arbe
789 3826 870 3874 cundia
880 3826 923 3872 hoc
934 3833 969 3872 est
979 3826 1140 3888 accipiendum.

170 3894 232 3958 Μ.
264 3896 331 3940 Inter
345 3893 417 3940 Tibur
433 3899 455 3938 ct
474 3893 596 3938 Praeneae.
628 3889 664 3937 Ibi
681 3891 757 3938 villam
823 3889 869 3944 Qui
888 3891 938 3938 tulis
957 3900 997 3948 est,
1016 3899 1041 3937 ut
1057 3895 1092 3941 hic
1108 3893 1245 3948 describitur,
1263 3895 1301 3943 ille
1317 3912 1364 3943 uon

182 3959 258 4007 habuit
268 3958 379 4004 Tibullus.
790 3971 846 4016 opus
857 3955 992 4002 babetvotis
1003 3956 1177 4006 carissimorum.
1201 3957 1309 4016 Felixea
1322 3961 1367 4008 Al-

214 4028 230 4071 3
253 4021 347 4072 Cassius
370 4021 505 4076 Parmensis,
525 4020 586 4066 ricto
611 4021 640 4067 ad
664 4020 757 4067 Actium
789 4020 818 4075 bi,
835 4027 874 4065 tua
884 4021 903 4066 si
914 4021 973 4067 bona
982 4022 1052 4070 noris.

183 4087 293 4143 Antonio,
320 4089 384 4149 cujus
407 4097 480 4148 partes
505 4093 596 4132 secutus
617 4093 671 4141 erat,
699 4084 758 4146 fugit
824 4087 853 4130 10
874 4084 954 4131 Gratia
974 4087 1034 4148 apud
1055 4094 1164 4149 potentes,
1179 4088 1253 4152 finio
1275 4099 1367 4153 propter

184 4152 293 4207 Athenas,
318 4153 356 4199 ubi
377 4149 470 4200 aVaro
492 4151 595 4212 quodam,
616 4149 653 4212 qui
670 4150 758 4196 videtur
789 4149 878 4210 scripta.

182 4216 252 4264 fuisse
273 4218 320 4264 dux
341 4217 450 4280 Augusti,
464 4217 531 4278 jussu
550 4214 650 4278 Augusti
671 4214 758 4261 occisus
824 4216 854 4262 la
872 4213 919 4267 Qui
937 4215 1022 4277 cogitat
1035 4231 1215 4278 unumquemque
1231 4219 1293 4265 diem
1309 4219 1367 4268 forte

183 4292 225 4328 οη,
790 4294 840 4326 esse
852 4277 962 4334 ultimum,
977 4281 1085 4342 singulos,
1097 4283 1176 4343 quibus
1187 4283 1251 4338 vivit,
1269 4285 1293 4331 in
1305 4285 1368 4332 lucro

216 4347 232 4391 4
250 4347 354 4406 Reptore,
363 4347 444 4394 leniter
452 4345 571 4401 ambulare,
580 4343 639 4408 quod
650 4344 760 4392 mediten-
790 4343 872 4406 posuit,
884 4349 908 4389 et
917 4351 996 4404 gratus
1006 4346 1093 4407 accipit.

185 4410 241 4459 tium
253 4418 294 4458 est.
824 4407 945 4466 Ducum,
962 4426 987 4458 se
997 4411 1116 4473 aperuisse.
